
% Foreman-Mackey et al. (2013)
@ARTICLE{Foreman-Mackey2013,
       author = {{Foreman-Mackey}, Daniel and {Hogg}, David W. and {Lang}, Dustin and {Goodman}, Jonathan},
        title = "{emcee: The MCMC Hammer}",
      journal = {\pasp},
     keywords = {Astrophysics - Instrumentation and Methods for Astrophysics, Physics - Computational Physics, Statistics - Computation},
         year = 2013,
        month = mar,
       volume = {125},
       number = {925},
        pages = {306},
          doi = {10.1086/670067},
archivePrefix = {arXiv},
       eprint = {1202.3665},
 primaryClass = {astro-ph.IM},
       adsurl = {https://ui.adsabs.harvard.edu/abs/2013PASP..125..306F},
      adsnote = {Provided by the SAO/NASA Astrophysics Data System}
}

% Griffith et al. (2021)
@ARTICLE{Griffith2021,
       author = {{Griffith}, Emily J. and {Sukhbold}, Tuguldur and {Weinberg}, David H. and {Johnson}, Jennifer A. and {Johnson}, James W. and {Vincenzo}, Fiorenzo},
        title = "{The Impact of Black Hole Formation on Population-averaged Supernova Yields}",
      journal = {\apj},
     keywords = {Core-collapse supernovae, Nucleosynthesis, Stellar nucleosynthesis, Abundance ratios, Stellar abundances, Stellar mass black holes, 304, 1131, 1616, 11, 1577, 1611, Astrophysics - Solar and Stellar Astrophysics, Astrophysics - Astrophysics of Galaxies},
         year = 2021,
        month = nov,
       volume = {921},
       number = {1},
          eid = {73},
        pages = {73},
          doi = {10.3847/1538-4357/ac1bac},
archivePrefix = {arXiv},
       eprint = {2103.09837},
 primaryClass = {astro-ph.SR},
       adsurl = {https://ui.adsabs.harvard.edu/abs/2021ApJ...921...73G},
      adsnote = {Provided by the SAO/NASA Astrophysics Data System}
}

% Johnson & Weinberg (2020)
@ARTICLE{Johnson2020,
       author = {{Johnson}, James W. and {Weinberg}, David H.},
        title = "{The impact of starbursts on element abundance ratios}",
      journal = {\mnras},
     keywords = {methods: numerical, galaxies: abundances, galaxies: evolution, galaxies: star formation, galaxies: stellar content, Astrophysics - Astrophysics of Galaxies},
         year = 2020,
        month = oct,
       volume = {498},
       number = {1},
        pages = {1364-1381},
          doi = {10.1093/mnras/staa2431},
archivePrefix = {arXiv},
       eprint = {1911.02598},
 primaryClass = {astro-ph.GA},
       adsurl = {https://ui.adsabs.harvard.edu/abs/2020MNRAS.498.1364J},
      adsnote = {Provided by the SAO/NASA Astrophysics Data System}
}

% Johnson et al. (2021)
@ARTICLE{Johnson2021,
       author = {{Johnson}, James W. and {Weinberg}, David H. and {Vincenzo}, Fiorenzo and {Bird}, Jonathan C. and {Loebman}, Sarah R. and {Brooks}, Alyson M. and {Quinn}, Thomas R. and {Christensen}, Charlotte R. and {Griffith}, Emily J.},
        title = "{Stellar migration and chemical enrichment in the milky way disc: a hybrid model}",
      journal = {\mnras},
     keywords = {methods: numerical, galaxies: abundances, galaxies: evolution, galaxies: star formation, galaxies: stellar content, Astrophysics - Astrophysics of Galaxies},
         year = 2021,
        month = dec,
       volume = {508},
       number = {3},
        pages = {4484-4511},
          doi = {10.1093/mnras/stab2718},
archivePrefix = {arXiv},
       eprint = {2103.09838},
 primaryClass = {astro-ph.GA},
       adsurl = {https://ui.adsabs.harvard.edu/abs/2021MNRAS.508.4484J},
      adsnote = {Provided by the SAO/NASA Astrophysics Data System}
}

% Leroy et al. (2008)
@ARTICLE{Leroy2008,
       author = {{Leroy}, Adam K. and {Walter}, Fabian and {Brinks}, Elias and {Bigiel}, Frank and {de Blok}, W.~J.~G. and {Madore}, Barry and {Thornley}, M.~D.},
        title = "{The Star Formation Efficiency in Nearby Galaxies: Measuring Where Gas Forms Stars Effectively}",
      journal = {\aj},
     keywords = {galaxies: evolution, galaxies: ISM, radio lines: galaxies, stars: formation, Astrophysics},
         year = 2008,
        month = dec,
       volume = {136},
       number = {6},
        pages = {2782-2845},
          doi = {10.1088/0004-6256/136/6/2782},
archivePrefix = {arXiv},
       eprint = {0810.2556},
 primaryClass = {astro-ph},
       adsurl = {https://ui.adsabs.harvard.edu/abs/2008AJ....136.2782L},
      adsnote = {Provided by the SAO/NASA Astrophysics Data System}
}

% Weinberg, Andrews & Freudenburg (2017)
@ARTICLE{Weinberg2017,
       author = {{Weinberg}, David H. and {Andrews}, Brett H. and {Freudenburg}, Jenna},
        title = "{Equilibrium and Sudden Events in Chemical Evolution}",
      journal = {\apj},
     keywords = {galaxies: abundances, galaxies: evolution, Astrophysics - Astrophysics of Galaxies},
         year = 2017,
        month = mar,
       volume = {837},
       number = {2},
          eid = {183},
        pages = {183},
          doi = {10.3847/1538-4357/837/2/183},
archivePrefix = {arXiv},
       eprint = {1604.07435},
 primaryClass = {astro-ph.GA},
       adsurl = {https://ui.adsabs.harvard.edu/abs/2017ApJ...837..183W},
      adsnote = {Provided by the SAO/NASA Astrophysics Data System}
}

