
% Andrews & Martini (2013)
@ARTICLE{Andrews2013,
       author = {{Andrews}, Brett H. and {Martini}, Paul},
        title = "{The Mass-Metallicity Relation with the Direct Method on Stacked Spectra of SDSS Galaxies}",
      journal = {\apj},
     keywords = {galaxies: abundances, galaxies: evolution, galaxies: general, galaxies: ISM, galaxies: stellar content, ISM: abundances, Astrophysics - Cosmology and Nongalactic Astrophysics},
         year = 2013,
        month = mar,
       volume = {765},
       number = {2},
          eid = {140},
        pages = {140},
          doi = {10.1088/0004-637X/765/2/140},
archivePrefix = {arXiv},
       eprint = {1211.3418},
 primaryClass = {astro-ph.CO},
       adsurl = {https://ui.adsabs.harvard.edu/abs/2013ApJ...765..140A},
      adsnote = {Provided by the SAO/NASA Astrophysics Data System}
}

% Andrews et al. (2017)
@ARTICLE{Andrews2017,
       author = {{Andrews}, Brett H. and {Weinberg}, David H. and {Sch{\"o}nrich}, Ralph and {Johnson}, Jennifer A.},
        title = "{Inflow, Outflow, Yields, and Stellar Population Mixing in Chemical Evolution Models}",
      journal = {\apj},
     keywords = {galaxies: ISM, Galaxy: evolution, Galaxy: formation, Galaxy: general, Galaxy: stellar content, stars: abundances, Astrophysics - Astrophysics of Galaxies, Astrophysics - Solar and Stellar Astrophysics},
         year = 2017,
        month = feb,
       volume = {835},
       number = {2},
          eid = {224},
        pages = {224},
          doi = {10.3847/1538-4357/835/2/224},
archivePrefix = {arXiv},
       eprint = {1604.08613},
 primaryClass = {astro-ph.GA},
       adsurl = {https://ui.adsabs.harvard.edu/abs/2017ApJ...835..224A},
      adsnote = {Provided by the SAO/NASA Astrophysics Data System}
}

% Angus et al. (2019)
@ARTICLE{Angus2019,
       author = {{Angus}, Ruth and {Morton}, Timothy D. and {Foreman-Mackey}, Daniel and {van Saders}, Jennifer and {Curtis}, Jason and {Kane}, Stephen R. and {Bedell}, Megan and {Kiman}, Rocio and {Hogg}, David W. and {Brewer}, John},
        title = "{Toward Precise Stellar Ages: Combining Isochrone Fitting with Empirical Gyrochronology}",
      journal = {\aj},
     keywords = {Hertzsprung{\textendash}Russell and C{\textendash}M diagrams, methods: statistical, stars: evolution, stars: fundamental parameters, stars: low-mass, stars: rotation, Astrophysics - Solar and Stellar Astrophysics, Astrophysics - Earth and Planetary Astrophysics},
         year = 2019,
        month = nov,
       volume = {158},
       number = {5},
          eid = {173},
        pages = {173},
          doi = {10.3847/1538-3881/ab3c53},
archivePrefix = {arXiv},
       eprint = {1908.07528},
 primaryClass = {astro-ph.SR},
       adsurl = {https://ui.adsabs.harvard.edu/abs/2019AJ....158..173A},
      adsnote = {Provided by the SAO/NASA Astrophysics Data System}
}

% Asplund et al. (2009)
@ARTICLE{Asplund2009,
       author = {{Asplund}, Martin and {Grevesse}, Nicolas and {Sauval}, A. Jacques and {Scott}, Pat},
        title = "{The Chemical Composition of the Sun}",
      journal = {\araa},
     keywords = {Astrophysics - Solar and Stellar Astrophysics, Astrophysics - Earth and Planetary Astrophysics},
         year = 2009,
        month = sep,
       volume = {47},
       number = {1},
        pages = {481-522},
          doi = {10.1146/annurev.astro.46.060407.145222},
archivePrefix = {arXiv},
       eprint = {0909.0948},
 primaryClass = {astro-ph.SR},
       adsurl = {https://ui.adsabs.harvard.edu/abs/2009ARA&A..47..481A},
      adsnote = {Provided by the SAO/NASA Astrophysics Data System}
}

% Asplund, Amarsi & Grevesse (2021)
@ARTICLE{Asplund2021,
       author = {{Asplund}, M. and {Amarsi}, A.~M. and {Grevesse}, N.},
        title = "{The chemical make-up of the Sun: A 2020 vision}",
      journal = {\aap},
     keywords = {Sun: abundances, Sun: photosphere, Sun: atmosphere, line: formation, meteorites, meteors, meteoroids, Sun: helioseismology, Astrophysics - Solar and Stellar Astrophysics, Astrophysics - Earth and Planetary Astrophysics},
         year = 2021,
        month = sep,
       volume = {653},
          eid = {A141},
        pages = {A141},
          doi = {10.1051/0004-6361/202140445},
archivePrefix = {arXiv},
       eprint = {2105.01661},
 primaryClass = {astro-ph.SR},
       adsurl = {https://ui.adsabs.harvard.edu/abs/2021A&A...653A.141A},
      adsnote = {Provided by the SAO/NASA Astrophysics Data System}
}

% Baldry et al. (2012)
@ARTICLE{Baldry2012,
       author = {{Baldry}, I.~K. and {Driver}, S.~P. and {Loveday}, J. and {Taylor}, E.~N. and {Kelvin}, L.~S. and {Liske}, J. and {Norberg}, P. and {Robotham}, A.~S.~G. and {Brough}, S. and {Hopkins}, A.~M. and {Bamford}, S.~P. and {Peacock}, J.~A. and {Bland-Hawthorn}, J. and {Conselice}, C.~J. and {Croom}, S.~M. and {Jones}, D.~H. and {Parkinson}, H.~R. and {Popescu}, C.~C. and {Prescott}, M. and {Sharp}, R.~G. and {Tuffs}, R.~J.},
        title = "{Galaxy And Mass Assembly (GAMA): the galaxy stellar mass function at z < 0.06}",
      journal = {\mnras},
     keywords = {galaxies: distances and redshifts, galaxies: fundamental parameters, galaxies: luminosity function, mass function, Astrophysics - Cosmology and Nongalactic Astrophysics},
         year = 2012,
        month = mar,
       volume = {421},
       number = {1},
        pages = {621-634},
          doi = {10.1111/j.1365-2966.2012.20340.x},
archivePrefix = {arXiv},
       eprint = {1111.5707},
 primaryClass = {astro-ph.CO},
       adsurl = {https://ui.adsabs.harvard.edu/abs/2012MNRAS.421..621B},
      adsnote = {Provided by the SAO/NASA Astrophysics Data System}
}

% Balser & Bania (2018)
@ARTICLE{Balser2018,
       author = {{Balser}, Dana S. and {Bania}, T.~M.},
        title = "{Green Bank Telescope Observations of $^{3}$He$^{+}$: H II Regions}",
      journal = {\aj},
     keywords = {H ii regions, ISM: abundances, radio lines: ISM, Astrophysics - Astrophysics of Galaxies},
         year = 2018,
        month = dec,
       volume = {156},
       number = {6},
          eid = {280},
        pages = {280},
          doi = {10.3847/1538-3881/aaeb2b},
archivePrefix = {arXiv},
       eprint = {1810.09422},
 primaryClass = {astro-ph.GA},
       adsurl = {https://ui.adsabs.harvard.edu/abs/2018AJ....156..280B},
      adsnote = {Provided by the SAO/NASA Astrophysics Data System}
}

% BAugh et al. (2005)
@ARTICLE{Baugh2005,
       author = {{Baugh}, C.~M. and {Lacey}, C.~G. and {Frenk}, C.~S. and {Granato}, G.~L. and {Silva}, L. and {Bressan}, A. and {Benson}, A.~J. and {Cole}, S.},
        title = "{Can the faint submillimetre galaxies be explained in the {\ensuremath{\Lambda}} cold dark matter model?}",
      journal = {\mnras},
     keywords = {galaxies: evolution, galaxies: formation, galaxies: high-redshift, submillimetre, Astrophysics},
         year = 2005,
        month = jan,
       volume = {356},
       number = {3},
        pages = {1191-1200},
          doi = {10.1111/j.1365-2966.2004.08553.x},
archivePrefix = {arXiv},
       eprint = {astro-ph/0406069},
 primaryClass = {astro-ph},
       adsurl = {https://ui.adsabs.harvard.edu/abs/2005MNRAS.356.1191B},
      adsnote = {Provided by the SAO/NASA Astrophysics Data System}
}

% Baugh2006
@ARTICLE{Baugh2006,
       author = {{Baugh}, C.~M.},
        title = "{A primer on hierarchical galaxy formation: the semi-analytical approach}",
      journal = {Reports on Progress in Physics},
     keywords = {Astrophysics},
         year = 2006,
        month = dec,
       volume = {69},
       number = {12},
        pages = {3101-3156},
          doi = {10.1088/0034-4885/69/12/R02},
archivePrefix = {arXiv},
       eprint = {astro-ph/0610031},
 primaryClass = {astro-ph},
       adsurl = {https://ui.adsabs.harvard.edu/abs/2006RPPh...69.3101B},
      adsnote = {Provided by the SAO/NASA Astrophysics Data System}
}

% Behroozi et al. (2019)
@ARTICLE{Behroozi2019,
       author = {{Behroozi}, Peter and {Wechsler}, Risa H. and {Hearin}, Andrew P. and {Conroy}, Charlie},
        title = "{UNIVERSEMACHINE: The correlation between galaxy growth and dark matter halo assembly from z = 0-10}",
      journal = {\mnras},
     keywords = {galaxies: formation, galaxies: haloes, Astrophysics - Astrophysics of Galaxies},
         year = 2019,
        month = sep,
       volume = {488},
       number = {3},
        pages = {3143-3194},
          doi = {10.1093/mnras/stz1182},
archivePrefix = {arXiv},
       eprint = {1806.07893},
 primaryClass = {astro-ph.GA},
       adsurl = {https://ui.adsabs.harvard.edu/abs/2019MNRAS.488.3143B},
      adsnote = {Provided by the SAO/NASA Astrophysics Data System}
}

% Bell et al. (2003)
@ARTICLE{Bell2003,
       author = {{Bell}, Eric F. and {McIntosh}, Daniel H. and {Katz}, Neal and {Weinberg}, Martin D.},
        title = "{The Optical and Near-Infrared Properties of Galaxies. I. Luminosity and Stellar Mass Functions}",
      journal = {\apjs},
     keywords = {Galaxies: Evolution, Galaxies: General, Galaxies: Luminosity Function, Mass Function, Galaxies: Stellar Content, Astrophysics},
         year = 2003,
        month = dec,
       volume = {149},
       number = {2},
        pages = {289-312},
          doi = {10.1086/378847},
archivePrefix = {arXiv},
       eprint = {astro-ph/0302543},
 primaryClass = {astro-ph},
       adsurl = {https://ui.adsabs.harvard.edu/abs/2003ApJS..149..289B},
      adsnote = {Provided by the SAO/NASA Astrophysics Data System}
}

% Belokurov et al. (2018)
@ARTICLE{Belokurov2018,
       author = {{Belokurov}, V. and {Erkal}, D. and {Evans}, N.~W. and {Koposov}, S.~E. and {Deason}, A.~J.},
        title = "{Co-formation of the disc and the stellar halo}",
      journal = {\mnras},
     keywords = {galaxies: dwarf, Local Group, galaxies: structure, Astrophysics - Astrophysics of Galaxies},
         year = 2018,
        month = jul,
       volume = {478},
       number = {1},
        pages = {611-619},
          doi = {10.1093/mnras/sty982},
archivePrefix = {arXiv},
       eprint = {1802.03414},
 primaryClass = {astro-ph.GA},
       adsurl = {https://ui.adsabs.harvard.edu/abs/2018MNRAS.478..611B},
      adsnote = {Provided by the SAO/NASA Astrophysics Data System}
}

% Benson (2012)
@ARTICLE{Benson2012,
       author = {{Benson}, Andrew J.},
        title = "{G ALACTICUS: A semi-analytic model of galaxy formation}",
      journal = {\na},
     keywords = {Astrophysics - Cosmology and Nongalactic Astrophysics, Astrophysics - Astrophysics of Galaxies},
         year = 2012,
        month = feb,
       volume = {17},
       number = {2},
        pages = {175-197},
          doi = {10.1016/j.newast.2011.07.004},
archivePrefix = {arXiv},
       eprint = {1008.1786},
 primaryClass = {astro-ph.CO},
       adsurl = {https://ui.adsabs.harvard.edu/abs/2012NewA...17..175B},
      adsnote = {Provided by the SAO/NASA Astrophysics Data System}
}

% Bergemann & Serenelli (2014)
@INCOLLECTION{Bergemann2014,
       author = {{Bergemann}, Maria and {Serenelli}, Aldo},
        title = "{Solar Abundance Problem}",
     keywords = {Astrophysics - Solar and Stellar Astrophysics},
    booktitle = {Determination of Atmospheric Parameters of B},
         year = 2014,
        pages = {245-258},
          doi = {10.1007/978-3-319-06956-2_21},
       adsurl = {https://ui.adsabs.harvard.edu/abs/2014dapb.book..245B},
      adsnote = {Provided by the SAO/NASA Astrophysics Data System}
}

% Bertelli Motta et al. (2018)
@ARTICLE{BertelliMotta2018,
       author = {{Bertelli Motta}, C. and {Pasquali}, A. and {Richer}, J. and {Michaud}, G. and {Salaris}, M. and {Bragaglia}, A. and {Magrini}, L. and {Randich}, S. and {Grebel}, E.~K. and {Adibekyan}, V. and {Blanco-Cuaresma}, S. and {Drazdauskas}, A. and {Fu}, X. and {Martell}, S. and {Tautvai{\v{s}}ien{\.{e}}}, G. and {Gilmore}, G. and {Alfaro}, E.~J. and {Bensby}, T. and {Flaccomio}, E. and {Koposov}, S.~E. and {Korn}, A.~J. and {Lanzafame}, A.~C. and {Smiljanic}, R. and {Bayo}, A. and {Carraro}, G. and {Casey}, A.~R. and {Costado}, M.~T. and {Damiani}, F. and {Franciosini}, E. and {Heiter}, U. and {Hourihane}, A. and {Jofr{\'e}}, P. and {Lardo}, C. and {Lewis}, J. and {Monaco}, L. and {Morbidelli}, L. and {Sacco}, G.~G. and {Sousa}, S.~G. and {Worley}, C.~C. and {Zaggia}, S.},
        title = "{The Gaia-ESO Survey: evidence of atomic diffusion in M67?}",
      journal = {\mnras},
     keywords = {stars: abundances, stars: evolution, Galaxy: abundances, Galaxy: evolution, Astrophysics - Solar and Stellar Astrophysics, Astrophysics - Astrophysics of Galaxies},
         year = 2018,
        month = jul,
       volume = {478},
       number = {1},
        pages = {425-438},
          doi = {10.1093/mnras/sty1011},
archivePrefix = {arXiv},
       eprint = {1804.06293},
 primaryClass = {astro-ph.SR},
       adsurl = {https://ui.adsabs.harvard.edu/abs/2018MNRAS.478..425B},
      adsnote = {Provided by the SAO/NASA Astrophysics Data System}
}

% Bilitewski & Schoenrich (2012)
@ARTICLE{Bilitewski2012,
       author = {{Bilitewski}, Thomas and {Sch{\"o}nrich}, Ralph},
        title = "{Radial flows and angular momentum conservation in Galactic chemical evolution}",
      journal = {\mnras},
     keywords = {Galaxy: abundances, Galaxy: evolution, intergalactic medium, galaxies: ISM, galaxies: kinematics and dynamics, Astrophysics - Galaxy Astrophysics},
         year = 2012,
        month = nov,
       volume = {426},
       number = {3},
        pages = {2266-2282},
          doi = {10.1111/j.1365-2966.2012.21827.x},
archivePrefix = {arXiv},
       eprint = {1208.0003},
 primaryClass = {astro-ph.GA},
       adsurl = {https://ui.adsabs.harvard.edu/abs/2012MNRAS.426.2266B},
      adsnote = {Provided by the SAO/NASA Astrophysics Data System}
}

% Bird, Kazantzidis & Weinberg (2012)
@ARTICLE{Bird2012,
       author = {{Bird}, Jonathan C. and {Kazantzidis}, Stelios and {Weinberg}, David H.},
        title = "{Radial mixing in galactic discs: the effects of disc structure and satellite bombardment}",
      journal = {\mnras},
     keywords = {methods: numerical, stars: kinematics and dynamics, Galaxy: disc, Galaxy: kinematics and dynamics, galaxies: evolution, galaxies: formation, Astrophysics - Astrophysics of Galaxies},
         year = 2012,
        month = feb,
       volume = {420},
       number = {2},
        pages = {913-925},
          doi = {10.1111/j.1365-2966.2011.19728.x},
archivePrefix = {arXiv},
       eprint = {1104.0933},
 primaryClass = {astro-ph.GA},
       adsurl = {https://ui.adsabs.harvard.edu/abs/2012MNRAS.420..913B},
      adsnote = {Provided by the SAO/NASA Astrophysics Data System}
}

% Bird et al. (2013)
@ARTICLE{Bird2013,
       author = {{Bird}, Jonathan C. and {Kazantzidis}, Stelios and {Weinberg}, David H. and {Guedes}, Javiera and {Callegari}, Simone and {Mayer}, Lucio and {Madau}, Piero},
        title = "{Inside out and Upside down: Tracing the Assembly of a Simulated Disk Galaxy Using Mono-age Stellar Populations}",
      journal = {\apj},
     keywords = {galaxies: evolution, galaxies: spiral, Galaxy: evolution, Galaxy: formation, Galaxy: kinematics and dynamics, Galaxy: structure, Astrophysics - Astrophysics of Galaxies},
         year = 2013,
        month = aug,
       volume = {773},
       number = {1},
          eid = {43},
        pages = {43},
          doi = {10.1088/0004-637X/773/1/43},
archivePrefix = {arXiv},
       eprint = {1301.0620},
 primaryClass = {astro-ph.GA},
       adsurl = {https://ui.adsabs.harvard.edu/abs/2013ApJ...773...43B},
      adsnote = {Provided by the SAO/NASA Astrophysics Data System}
}

% Bonaca et al. (2020)
@ARTICLE{Bonaca2020,
       author = {{Bonaca}, Ana and {Conroy}, Charlie and {Cargile}, Phillip A. and {Naidu}, Rohan P. and {Johnson}, Benjamin D. and {Zaritsky}, Dennis and {Ting}, Yuan-Sen and {Caldwell}, Nelson and {Han}, Jiwon Jesse and {van Dokkum}, Pieter},
        title = "{Timing the Early Assembly of the Milky Way with the H3 Survey}",
      journal = {\apjl},
     keywords = {Milky Way stellar halo, Milky Way dynamics, Galaxy evolution, Astrometry, Galaxy chemical evolution, Galaxy formation, Spectroscopy, Stellar ages, Milky Way Galaxy, 1060, 1051, 594, 80, 580, 595, 1558, 1581, 1054, Astrophysics - Astrophysics of Galaxies},
         year = 2020,
        month = jul,
       volume = {897},
       number = {1},
          eid = {L18},
        pages = {L18},
          doi = {10.3847/2041-8213/ab9caa},
archivePrefix = {arXiv},
       eprint = {2004.11384},
 primaryClass = {astro-ph.GA},
       adsurl = {https://ui.adsabs.harvard.edu/abs/2020ApJ...897L..18B},
      adsnote = {Provided by the SAO/NASA Astrophysics Data System}
}

% Bond & MacConnell (1971)
@ARTICLE{Bond1971,
       author = {{Bond}, Howard E. and {MacConnell}, Darrell J.},
        title = "{The Nature of the Field Blue-Straggler Stars}",
      journal = {\apj},
         year = 1971,
        month = apr,
       volume = {165},
        pages = {51},
          doi = {10.1086/150875},
       adsurl = {https://ui.adsabs.harvard.edu/abs/1971ApJ...165...51B},
      adsnote = {Provided by the SAO/NASA Astrophysics Data System}
}

% Bovy (2016)
@ARTICLE{Bovy2016,
       author = {{Bovy}, Jo},
        title = "{The Chemical Homogeneity of Open Clusters}",
      journal = {\apj},
     keywords = {Galaxy: abundances, Galaxy: disk, Galaxy: evolution, Galaxy: formation, Galaxy: fundamental parameters, Galaxy: structure, Astrophysics - Astrophysics of Galaxies, Astrophysics - Solar and Stellar Astrophysics},
         year = 2016,
        month = jan,
       volume = {817},
       number = {1},
          eid = {49},
        pages = {49},
          doi = {10.3847/0004-637X/817/1/49},
archivePrefix = {arXiv},
       eprint = {1510.06745},
 primaryClass = {astro-ph.GA},
       adsurl = {https://ui.adsabs.harvard.edu/abs/2016ApJ...817...49B},
      adsnote = {Provided by the SAO/NASA Astrophysics Data System}
}

% Bower et al. (2006)
@ARTICLE{Bower2006,
       author = {{Bower}, R.~G. and {Benson}, A.~J. and {Malbon}, R. and {Helly}, J.~C. and {Frenk}, C.~S. and {Baugh}, C.~M. and {Cole}, S. and {Lacey}, C.~G.},
        title = "{Breaking the hierarchy of galaxy formation}",
      journal = {\mnras},
     keywords = {galaxies: evolution: galaxies: formation: galaxies: luminosity function, galaxies: evolution, galaxies: formation, galaxies: luminosity function, Astrophysics},
         year = 2006,
        month = aug,
       volume = {370},
       number = {2},
        pages = {645-655},
          doi = {10.1111/j.1365-2966.2006.10519.x},
archivePrefix = {arXiv},
       eprint = {astro-ph/0511338},
 primaryClass = {astro-ph},
       adsurl = {https://ui.adsabs.harvard.edu/abs/2006MNRAS.370..645B},
      adsnote = {Provided by the SAO/NASA Astrophysics Data System}
}

% Burbidge et al. (1957) -> Burbidge, Burbidge, Fowler & Hoyle (1957) or "B2FH"
@ARTICLE{Burbidge1957,
       author = {{Burbidge}, E. Margaret and {Burbidge}, G.~R. and {Fowler}, William A. and {Hoyle}, F.},
        title = "{Synthesis of the Elements in Stars}",
      journal = {Reviews of Modern Physics},
         year = 1957,
        month = jan,
       volume = {29},
       number = {4},
        pages = {547-650},
          doi = {10.1103/RevModPhys.29.547},
       adsurl = {https://ui.adsabs.harvard.edu/abs/1957RvMP...29..547B},
      adsnote = {Provided by the SAO/NASA Astrophysics Data System}
}

% Cameron et al. (2021)
@ARTICLE{Cameron2021,
       author = {{Cameron}, Alex J. and {Fisher}, Deanne B. and {McPherson}, Daniel and {Kacprzak}, Glenn G. and {Berg}, Danielle A. and {Bolatto}, Alberto and {Chisholm}, John and {Herrera-Camus}, Rodrigo and {Nielsen}, Nikole M. and {Reichardt Chu}, Bronwyn and {Rickards Vaught}, Ryan J. and {Sandstrom}, Karin and {Trenti}, Michele},
        title = "{The DUVET Survey: Direct T$_{e}$-based Metallicity Mapping of Metal-enriched Outflows and Metal-poor Inflows in Markarian 1486}",
      journal = {\apjl},
     keywords = {Galaxies, Emission line galaxies, Starburst galaxies, Interstellar medium, 573, 459, 1570, 847, Astrophysics - Astrophysics of Galaxies},
         year = 2021,
        month = sep,
       volume = {918},
       number = {1},
          eid = {L16},
        pages = {L16},
          doi = {10.3847/2041-8213/ac18ca},
archivePrefix = {arXiv},
       eprint = {2108.13211},
 primaryClass = {astro-ph.GA},
       adsurl = {https://ui.adsabs.harvard.edu/abs/2021ApJ...918L..16C},
      adsnote = {Provided by the SAO/NASA Astrophysics Data System}
}

% Casamiquela et al. (2020)
@ARTICLE{Casamiquela2020,
       author = {{Casamiquela}, L. and {Tarricq}, Y. and {Soubiran}, C. and {Blanco-Cuaresma}, S. and {Jofr{\'e}}, P. and {Heiter}, U. and {Tucci Maia}, M.},
        title = "{Differential abundances of open clusters and their tidal tails: Chemical tagging and chemical homogeneity}",
      journal = {\aap},
     keywords = {stars: abundances, techniques: spectroscopic, open clusters and associations: individual: NGC 2632, open clusters and associations: individual: Hyades, open clusters and associations: individual: Ruprecht 147, Astrophysics - Astrophysics of Galaxies},
         year = 2020,
        month = mar,
       volume = {635},
          eid = {A8},
        pages = {A8},
          doi = {10.1051/0004-6361/201936978},
archivePrefix = {arXiv},
       eprint = {1912.08539},
 primaryClass = {astro-ph.GA},
       adsurl = {https://ui.adsabs.harvard.edu/abs/2020A&A...635A...8C},
      adsnote = {Provided by the SAO/NASA Astrophysics Data System}
}

% Chabrier (2003)
@ARTICLE{Chabrier2003,
       author = {{Chabrier}, Gilles},
        title = "{Galactic Stellar and Substellar Initial Mass Function}",
      journal = {\pasp},
     keywords = {Galaxies: Luminosity Function, Mass Function, Invited Reviews, Astrophysics},
         year = 2003,
        month = jul,
       volume = {115},
       number = {809},
        pages = {763-795},
          doi = {10.1086/376392},
archivePrefix = {arXiv},
       eprint = {astro-ph/0304382},
 primaryClass = {astro-ph},
       adsurl = {https://ui.adsabs.harvard.edu/abs/2003PASP..115..763C},
      adsnote = {Provided by the SAO/NASA Astrophysics Data System}
}

% Chapling & Miglio (2013)
@ARTICLE{Chaplin2013,
       author = {{Chaplin}, William J. and {Miglio}, Andrea},
        title = "{Asteroseismology of Solar-Type and Red-Giant Stars}",
      journal = {\araa},
     keywords = {Astrophysics - Solar and Stellar Astrophysics},
         year = 2013,
        month = aug,
       volume = {51},
       number = {1},
        pages = {353-392},
          doi = {10.1146/annurev-astro-082812-140938},
archivePrefix = {arXiv},
       eprint = {1303.1957},
 primaryClass = {astro-ph.SR},
       adsurl = {https://ui.adsabs.harvard.edu/abs/2013ARA&A..51..353C},
      adsnote = {Provided by the SAO/NASA Astrophysics Data System}
}

% Chaplin et al. (2020)
@ARTICLE{Chaplin2020,
       author = {{Chaplin}, William J. and {Serenelli}, Aldo M. and {Miglio}, Andrea and {Morel}, Thierry and {Mackereth}, J. Ted and {Vincenzo}, Fiorenzo and {Kjeldsen}, Hans and {Basu}, Sarbani and {Ball}, Warrick H. and {Stokholm}, Amalie and {Verma}, Kuldeep and {Mosumgaard}, Jakob R{\o}rsted and {Silva Aguirre}, Victor and {Mazumdar}, Anwesh and {Ranadive}, Pritesh and {Antia}, H.~M. and {Lebreton}, Yveline and {Ong}, Joel and {Appourchaux}, Thierry and {Bedding}, Timothy R. and {Christensen-Dalsgaard}, J{\o}rgen and {Creevey}, Orlagh and {Garc{\'\i}a}, Rafael A. and {Handberg}, Rasmus and {Huber}, Daniel and {Kawaler}, Steven D. and {Lund}, Mikkel N. and {Metcalfe}, Travis S. and {Stassun}, Keivan G. and {Bazot}, Mich{\"a}el and {Beck}, Paul G. and {Bell}, Keaton J. and {Bergemann}, Maria and {Buzasi}, Derek L. and {Benomar}, Othman and {Bossini}, Diego and {Bugnet}, Lisa and {Campante}, Tiago L. and {Orhan}, Zeynep {\c{c}}elik and {Corsaro}, Enrico and {Gonz{\'a}lez-Cuesta}, Luc{\'\i}a and {Davies}, Guy R. and {Di Mauro}, Maria Pia and {Egeland}, Ricky and {Elsworth}, Yvonne P. and {Gaulme}, Patrick and {Ghasemi}, Hamed and {Guo}, Zhao and {Hall}, Oliver J. and {Hasanzadeh}, Amir and {Hekker}, Saskia and {Howe}, Rachel and {Jenkins}, Jon M. and {Jim{\'e}nez}, Antonio and {Kiefer}, Ren{\'e} and {Kuszlewicz}, James S. and {Kallinger}, Thomas and {Latham}, David W. and {Lundkvist}, Mia S. and {Mathur}, Savita and {Montalb{\'a}n}, Josefina and {Mosser}, Benoit and {Bed{\'o}n}, Andres Moya and {Nielsen}, Martin Bo and {{\"O}rtel}, Sibel and {Rendle}, Ben M. and {Ricker}, George R. and {Rodrigues}, Tha{\'\i}se S. and {Roxburgh}, Ian W. and {Safari}, Hossein and {Schofield}, Mathew and {Seager}, Sara and {Smalley}, Barry and {Stello}, Dennis and {Szab{\'o}}, R{\'o}bert and {Tayar}, Jamie and {Theme{\ss}l}, Nathalie and {Thomas}, Alexandra E.~L. and {Vanderspek}, Roland K. and {van Rossem}, Walter E. and {Vrard}, Mathieu and {Weiss}, Achim and {White}, Timothy R. and {Winn}, Joshua N. and {Y{\i}ld{\i}z}, Mutlu},
        title = "{Age dating of an early Milky Way merger via asteroseismology of the naked-eye star {\ensuremath{\nu}} Indi}",
      journal = {Nature Astronomy},
     keywords = {Astrophysics - Astrophysics of Galaxies, Astrophysics - Solar and Stellar Astrophysics},
         year = 2020,
        month = jan,
       volume = {4},
        pages = {382-389},
          doi = {10.1038/s41550-019-0975-9},
archivePrefix = {arXiv},
       eprint = {2001.04653},
 primaryClass = {astro-ph.GA},
       adsurl = {https://ui.adsabs.harvard.edu/abs/2020NatAs...4..382C},
      adsnote = {Provided by the SAO/NASA Astrophysics Data System}
}

% Chen et al. (2022)
@ARTICLE{Chen2022,
       author = {{Chen}, Boquan and {Hayden}, Michael R. and {Sharma}, Sanjib and {Bland-Hawthorn}, Joss and {Kobayashi}, Chiaki and {Karakas}, Amanda I.},
        title = "{Chemical Evolution with Radial Mixing Redux: Extending beyond the Solar Neighborhood}",
      journal = {arXiv e-prints},
     keywords = {Astrophysics - Astrophysics of Galaxies},
         year = 2022,
        month = apr,
          eid = {arXiv:2204.11413},
        pages = {arXiv:2204.11413},
archivePrefix = {arXiv},
       eprint = {2204.11413},
 primaryClass = {astro-ph.GA},
       adsurl = {https://ui.adsabs.harvard.edu/abs/2022arXiv220411413C},
      adsnote = {Provided by the SAO/NASA Astrophysics Data System}
}

% Chiappini, Matteucci & Gratton (1997)
@ARTICLE{Chiappini1997,
       author = {{Chiappini}, C. and {Matteucci}, F. and {Gratton}, R.},
        title = "{The Chemical Evolution of the Galaxy: The Two-Infall Model}",
      journal = {\apj},
     keywords = {ISM: individual (HH 1-2), ISM: Jets and Outflows, ISM: Molecules, ISM: Structure, Stars: Formation, Astrophysics},
         year = 1997,
        month = mar,
       volume = {477},
       number = {2},
        pages = {765-780},
          doi = {10.1086/303726},
archivePrefix = {arXiv},
       eprint = {astro-ph/9609199},
 primaryClass = {astro-ph},
       adsurl = {https://ui.adsabs.harvard.edu/abs/1997ApJ...477..765C},
      adsnote = {Provided by the SAO/NASA Astrophysics Data System}
}

% Chieffi & Limongi (2004)
@ARTICLE{Chieffi2004,
       author = {{Chieffi}, Alessandro and {Limongi}, Marco},
        title = "{Explosive Yields of Massive Stars from Z = 0 to Z = Z$_{solar}$}",
      journal = {\apj},
     keywords = {Nuclear Reactions, Nucleosynthesis, Abundances, Stars: Evolution, Stars: Supernovae: General, Astrophysics},
         year = 2004,
        month = jun,
       volume = {608},
       number = {1},
        pages = {405-410},
          doi = {10.1086/392523},
archivePrefix = {arXiv},
       eprint = {astro-ph/0402625},
 primaryClass = {astro-ph},
       adsurl = {https://ui.adsabs.harvard.edu/abs/2004ApJ...608..405C},
      adsnote = {Provided by the SAO/NASA Astrophysics Data System}
}

% Chieffi & Limongi (2013)
@ARTICLE{Chieffi2013,
       author = {{Chieffi}, Alessandro and {Limongi}, Marco},
        title = "{Pre-supernova Evolution of Rotating Solar Metallicity Stars in the Mass Range 13-120 M $_{{\ensuremath{\odot}}}$ and their Explosive Yields}",
      journal = {\apj},
     keywords = {stars: evolution, stars: interiors, stars: massive, stars: rotation, supernovae: general},
         year = 2013,
        month = feb,
       volume = {764},
       number = {1},
          eid = {21},
        pages = {21},
          doi = {10.1088/0004-637X/764/1/21},
       adsurl = {https://ui.adsabs.harvard.edu/abs/2013ApJ...764...21C},
      adsnote = {Provided by the SAO/NASA Astrophysics Data System}
}

% Chisholm, Tremonti & Leitherer (2018)
@ARTICLE{Chisholm2018,
       author = {{Chisholm}, J. and {Tremonti}, C. and {Leitherer}, C.},
        title = "{Metal-enriched galactic outflows shape the mass-metallicity relationship}",
      journal = {\mnras},
     keywords = {ISM: jets and outflows, galaxies: evolution, galaxies: formation, ultraviolet: ISM, Astrophysics - Astrophysics of Galaxies},
         year = 2018,
        month = dec,
       volume = {481},
       number = {2},
        pages = {1690-1706},
          doi = {10.1093/mnras/sty2380},
archivePrefix = {arXiv},
       eprint = {1808.10453},
 primaryClass = {astro-ph.GA},
       adsurl = {https://ui.adsabs.harvard.edu/abs/2018MNRAS.481.1690C},
      adsnote = {Provided by the SAO/NASA Astrophysics Data System}
}

% Conroy et al. (2019)
@ARTICLE{Conroy2019,
       author = {{Conroy}, Charlie and {Bonaca}, Ana and {Cargile}, Phillip and {Johnson}, Benjamin D. and {Caldwell}, Nelson and {Naidu}, Rohan P. and {Zaritsky}, Dennis and {Fabricant}, Daniel and {Moran}, Sean and {Rhee}, Jaehyon and {Szentgyorgyi}, Andrew and {Berlind}, Perry and {Calkins}, Michael L. and {Kattner}, ShiAnne and {Ly}, Chun},
        title = "{Mapping the Stellar Halo with the H3 Spectroscopic Survey}",
      journal = {\apj},
     keywords = {Galaxy: halo, Galaxy: kinematics and dynamics, Astrophysics - Astrophysics of Galaxies},
         year = 2019,
        month = sep,
       volume = {883},
       number = {1},
          eid = {107},
        pages = {107},
          doi = {10.3847/1538-4357/ab38b8},
archivePrefix = {arXiv},
       eprint = {1907.07684},
 primaryClass = {astro-ph.GA},
       adsurl = {https://ui.adsabs.harvard.edu/abs/2019ApJ...883..107C},
      adsnote = {Provided by the SAO/NASA Astrophysics Data System}
}

% Conroy et al. (2022)
@ARTICLE{Conroy2022,
       author = {{Conroy}, Charlie and {Weinberg}, David H. and {Naidu}, Rohan P. and {Buck}, Tobias and {Johnson}, James W. and {Cargile}, Phillip and {Bonaca}, Ana and {Caldwell}, Nelson and {Chandra}, Vedant and {Han}, Jiwon Jesse and {Johnson}, Benjamin D. and {Speagle}, Joshua S. and {Ting}, Yuan-Sen and {Woody}, Turner and {Zaritsky}, Dennis},
        title = "{Birth of the Galactic Disk Revealed by the H3 Survey}",
      journal = {arXiv e-prints},
     keywords = {Astrophysics - Astrophysics of Galaxies},
         year = 2022,
        month = apr,
          eid = {arXiv:2204.02989},
        pages = {arXiv:2204.02989},
archivePrefix = {arXiv},
       eprint = {2204.02989},
 primaryClass = {astro-ph.GA},
       adsurl = {https://ui.adsabs.harvard.edu/abs/2022arXiv220402989C},
      adsnote = {Provided by the SAO/NASA Astrophysics Data System}
}

% Cooke et al. (2022)
@ARTICLE{Cooke2022,
       author = {{Cooke}, Ryan J. and {Noterdaeme}, Pasquier and {Johnson}, James W. and {Pettini}, Max and {Welsh}, Louise and {Peroux}, Celine and {Murphy}, Michael T. and {Weinberg}, David H.},
        title = "{Primordial Helium-3 Redux: The Helium Isotope Ratio of the Orion Nebula}",
      journal = {\apj},
     keywords = {Interstellar medium, Interstellar absorption, Cosmology, Big Bang nucleosynthesis, Interstellar line absorption, Cosmochemistry, Astrochemistry, Galaxy chemical evolution, Quasar absorption line spectroscopy, Astronomical techniques, Spectroscopy, Astronomy data analysis, 847, 831, 343, 151, 843, 331, 75, 580, 1317, 1684, 1558, 1858, Astrophysics - Cosmology and Nongalactic Astrophysics, Astrophysics - Astrophysics of Galaxies},
         year = 2022,
        month = jun,
       volume = {932},
       number = {1},
          eid = {60},
        pages = {60},
          doi = {10.3847/1538-4357/ac6503},
archivePrefix = {arXiv},
       eprint = {2203.11256},
 primaryClass = {astro-ph.CO},
       adsurl = {https://ui.adsabs.harvard.edu/abs/2022ApJ...932...60C},
      adsnote = {Provided by the SAO/NASA Astrophysics Data System}
}

% Cote et al. (2017)
@ARTICLE{Cote2017,
       author = {{C{\^o}t{\'e}}, Benoit and {O'Shea}, Brian W. and {Ritter}, Christian and {Herwig}, Falk and {Venn}, Kim A.},
        title = "{The Impact of Modeling Assumptions in Galactic Chemical Evolution Models}",
      journal = {\apj},
     keywords = {galaxies: dwarf, galaxies: evolution, methods: statistical, stars: abundances, Astrophysics - Astrophysics of Galaxies},
         year = 2017,
        month = feb,
       volume = {835},
       number = {2},
          eid = {128},
        pages = {128},
          doi = {10.3847/1538-4357/835/2/128},
archivePrefix = {arXiv},
       eprint = {1604.07824},
 primaryClass = {astro-ph.GA},
       adsurl = {https://ui.adsabs.harvard.edu/abs/2017ApJ...835..128C},
      adsnote = {Provided by the SAO/NASA Astrophysics Data System}
}

% Cristallo et al. (2011) 
@ARTICLE{Cristallo2011,
       author = {{Cristallo}, S. and {Piersanti}, L. and {Straniero}, O. and {Gallino}, R. and {Dom{\'\i}nguez}, I. and {Abia}, C. and {Di Rico}, G. and {Quintini}, M. and {Bisterzo}, S.},
        title = "{Evolution, Nucleosynthesis, and Yields of Low-mass Asymptotic Giant Branch Stars at Different Metallicities. II. The FRUITY Database}",
      journal = {\apjs},
     keywords = {nuclear reactions, nucleosynthesis, abundances, stars: AGB and post-AGB, Astrophysics - Solar and Stellar Astrophysics},
         year = 2011,
        month = dec,
       volume = {197},
       number = {2},
          eid = {17},
        pages = {17},
          doi = {10.1088/0067-0049/197/2/17},
archivePrefix = {arXiv},
       eprint = {1109.1176},
 primaryClass = {astro-ph.SR},
       adsurl = {https://ui.adsabs.harvard.edu/abs/2011ApJS..197...17C},
      adsnote = {Provided by the SAO/NASA Astrophysics Data System}
}

% Cristallo et al. (2015) 
@ARTICLE{Cristallo2015,
       author = {{Cristallo}, S. and {Straniero}, O. and {Piersanti}, L. and {Gobrecht}, D.},
        title = "{Evolution, Nucleosynthesis, and Yields of AGB Stars at Different Metallicities. III. Intermediate-mass Models, Revised Low-mass Models, and the ph-FRUITY Interface}",
      journal = {\apjs},
     keywords = {nuclear reactions, nucleosynthesis, abundances, Stars: AGB and post-AGB, Astrophysics - Solar and Stellar Astrophysics},
         year = 2015,
        month = aug,
       volume = {219},
       number = {2},
          eid = {40},
        pages = {40},
          doi = {10.1088/0067-0049/219/2/40},
archivePrefix = {arXiv},
       eprint = {1507.07338},
 primaryClass = {astro-ph.SR},
       adsurl = {https://ui.adsabs.harvard.edu/abs/2015ApJS..219...40C},
      adsnote = {Provided by the SAO/NASA Astrophysics Data System}
}

% Croton et al. (2016)
@ARTICLE{Croton2016,
       author = {{Croton}, Darren J. and {Stevens}, Adam R.~H. and {Tonini}, Chiara and {Garel}, Thibault and {Bernyk}, Maksym and {Bibiano}, Antonio and {Hodkinson}, Luke and {Mutch}, Simon J. and {Poole}, Gregory B. and {Shattow}, Genevieve M.},
        title = "{Semi-Analytic Galaxy Evolution (SAGE): Model Calibration and Basic Results}",
      journal = {\apjs},
     keywords = {galaxies: active, galaxies: evolution, galaxies: halos, methods: numerical, Astrophysics - Astrophysics of Galaxies, Astrophysics - Cosmology and Nongalactic Astrophysics},
         year = 2016,
        month = feb,
       volume = {222},
       number = {2},
          eid = {22},
        pages = {22},
          doi = {10.3847/0067-0049/222/2/22},
archivePrefix = {arXiv},
       eprint = {1601.04709},
 primaryClass = {astro-ph.GA},
       adsurl = {https://ui.adsabs.harvard.edu/abs/2016ApJS..222...22C},
      adsnote = {Provided by the SAO/NASA Astrophysics Data System}
}

% Dalcanton (2007)
@ARTICLE{Dalcanton2007,
       author = {{Dalcanton}, Julianne J.},
        title = "{The Metallicity of Galaxy Disks: Infall versus Outflow}",
      journal = {\apj},
     keywords = {Galaxies: Abundances, Galaxies: Evolution, Galaxies: Formation, Galaxies: ISM, ISM: Evolution, Astrophysics},
         year = 2007,
        month = apr,
       volume = {658},
       number = {2},
        pages = {941-959},
          doi = {10.1086/508913},
archivePrefix = {arXiv},
       eprint = {astro-ph/0608590},
 primaryClass = {astro-ph},
       adsurl = {https://ui.adsabs.harvard.edu/abs/2007ApJ...658..941D},
      adsnote = {Provided by the SAO/NASA Astrophysics Data System}
}

% Davies et al. (2016)
@ARTICLE{Davies2016,
       author = {{Davies}, L.~J.~M. and {Driver}, S.~P. and {Robotham}, A.~S.~G. and {Grootes}, M.~W. and {Popescu}, C.~C. and {Tuffs}, R.~J. and {Hopkins}, A. and {Alpaslan}, M. and {Andrews}, S.~K. and {Bland-Hawthorn}, J. and {Bremer}, M.~N. and {Brough}, S. and {Brown}, M.~J.~I. and {Cluver}, M.~E. and {Croom}, S. and {da Cunha}, E. and {Dunne}, L. and {Lara-L{\'o}pez}, M.~A. and {Liske}, J. and {Loveday}, J. and {Moffett}, A.~J. and {Owers}, M. and {Phillipps}, S. and {Sansom}, A.~E. and {Taylor}, E.~N. and {Michalowski}, M.~J. and {Ibar}, E. and {Smith}, M. and {Bourne}, N.},
        title = "{GAMA/H-ATLAS: a meta-analysis of SFR indicators - comprehensive measures of the SFR-M$_{*}$ relation and cosmic star formation history at z < 0.4}",
      journal = {\mnras},
     keywords = {galaxies: evolution, galaxies: star formation, Astrophysics - Astrophysics of Galaxies},
         year = 2016,
        month = sep,
       volume = {461},
       number = {1},
        pages = {458-485},
          doi = {10.1093/mnras/stw1342},
archivePrefix = {arXiv},
       eprint = {1606.06299},
 primaryClass = {astro-ph.GA},
       adsurl = {https://ui.adsabs.harvard.edu/abs/2016MNRAS.461..458D},
      adsnote = {Provided by the SAO/NASA Astrophysics Data System}
}

% Deason et al. (2019)
@ARTICLE{Deason2019,
       author = {{Deason}, Alis J. and {Belokurov}, Vasily and {Sanders}, Jason L.},
        title = "{The total stellar halo mass of the Milky Way}",
      journal = {\mnras},
     keywords = {Galaxy: halo, Galaxy: kinematics and dynamics, Galaxy: stellar content, Astrophysics - Astrophysics of Galaxies},
         year = 2019,
        month = dec,
       volume = {490},
       number = {3},
        pages = {3426-3439},
          doi = {10.1093/mnras/stz2793},
archivePrefix = {arXiv},
       eprint = {1908.02763},
 primaryClass = {astro-ph.GA},
       adsurl = {https://ui.adsabs.harvard.edu/abs/2019MNRAS.490.3426D},
      adsnote = {Provided by the SAO/NASA Astrophysics Data System}
}

% de los Reyes & Kennicutt (2019)
@ARTICLE{delosReyes2019,
       author = {{\noopsort{Delosreyes}{de los Reyes}}, Mithi A.~C. and {Kennicutt}, Robert C., Jr.},
        title = "{Revisiting the Integrated Star Formation Law. I. Non-starbursting Galaxies}",
      journal = {\apj},
     keywords = {galaxies: dwarf, galaxies: spiral, galaxies: star formation, Astrophysics - Astrophysics of Galaxies},
         year = 2019,
        month = feb,
       volume = {872},
       number = {1},
          eid = {16},
        pages = {16},
          doi = {10.3847/1538-4357/aafa82},
archivePrefix = {arXiv},
       eprint = {1901.01283},
 primaryClass = {astro-ph.GA},
       adsurl = {https://ui.adsabs.harvard.edu/abs/2019ApJ...872...16D},
      adsnote = {Provided by the SAO/NASA Astrophysics Data System}
}

% de los Reyes et al. (2022)
@ARTICLE{delosReyes2022,
       author = {{\noopsort{Delosreyes}{de los Reyes}}, Mithi A.~C. and {Kirby}, Evan N. and {Ji}, Alexander P. and {Nu{\~n}ez}, Evan H.},
        title = "{Simultaneous Constraints on the Star Formation History and Nucleosynthesis of Sculptor dSph}",
      journal = {\apj},
     keywords = {416, 420, 1436, 1569, 1131, 1616, 573, 2171, Astrophysics - Astrophysics of Galaxies, Astrophysics - Solar and Stellar Astrophysics},
         year = 2022,
        month = jan,
       volume = {925},
       number = {1},
          eid = {66},
        pages = {66},
          doi = {10.3847/1538-4357/ac332b},
archivePrefix = {arXiv},
       eprint = {2110.01690},
 primaryClass = {astro-ph.GA},
       adsurl = {https://ui.adsabs.harvard.edu/abs/2022ApJ...925...66D},
      adsnote = {Provided by the SAO/NASA Astrophysics Data System}
}

% De Silva et al. (2006)
@ARTICLE{DeSilva2006,
       author = {{\noopsort{Desilva}{De Silva}}, G.~M. and {Sneden}, C. and {Paulson}, D.~B. and {Asplund}, M. and {Bland-Hawthorn}, J. and {Bessell}, M.~S. and {Freeman}, K.~C.},
        title = "{Chemical Homogeneity in the Hyades}",
      journal = {\aj},
     keywords = {Galaxy: Open Clusters and Associations: Individual: Name: Hyades, Stars: Abundances, Astrophysics},
         year = 2006,
        month = jan,
       volume = {131},
       number = {1},
        pages = {455-460},
          doi = {10.1086/497968},
archivePrefix = {arXiv},
       eprint = {astro-ph/0509241},
 primaryClass = {astro-ph},
       adsurl = {https://ui.adsabs.harvard.edu/abs/2006AJ....131..455D},
      adsnote = {Provided by the SAO/NASA Astrophysics Data System}
}

% De Silva et al. (2015)
@ARTICLE{DeSilva2015,
       author = {{\noopsort{Desilva}{De Silva}}, G.~M. and {Freeman}, K.~C. and {Bland-Hawthorn}, J. and {Martell}, S. and {de Boer}, E. Wylie and {Asplund}, M. and {Keller}, S. and {Sharma}, S. and {Zucker}, D.~B. and {Zwitter}, T. and {Anguiano}, B. and {Bacigalupo}, C. and {Bayliss}, D. and {Beavis}, M.~A. and {Bergemann}, M. and {Campbell}, S. and {Cannon}, R. and {Carollo}, D. and {Casagrande}, L. and {Casey}, A.~R. and {Da Costa}, G. and {D'Orazi}, V. and {Dotter}, A. and {Duong}, L. and {Heger}, A. and {Ireland}, M.~J. and {Kafle}, P.~R. and {Kos}, J. and {Lattanzio}, J. and {Lewis}, G.~F. and {Lin}, J. and {Lind}, K. and {Munari}, U. and {Nataf}, D.~M. and {O'Toole}, S. and {Parker}, Q. and {Reid}, W. and {Schlesinger}, K.~J. and {Sheinis}, A. and {Simpson}, J.~D. and {Stello}, D. and {Ting}, Y. -S. and {Traven}, G. and {Watson}, F. and {Wittenmyer}, R. and {Yong}, D. and {{\v{Z}}erjal}, M.},
        title = "{The GALAH survey: scientific motivation}",
      journal = {\mnras},
     keywords = {Galaxy: stellar content, Astrophysics - Astrophysics of Galaxies, Astrophysics - Instrumentation and Methods for Astrophysics, Astrophysics - Solar and Stellar Astrophysics},
         year = 2015,
        month = may,
       volume = {449},
       number = {3},
        pages = {2604-2617},
          doi = {10.1093/mnras/stv327},
archivePrefix = {arXiv},
       eprint = {1502.04767},
 primaryClass = {astro-ph.GA},
       adsurl = {https://ui.adsabs.harvard.edu/abs/2015MNRAS.449.2604D},
      adsnote = {Provided by the SAO/NASA Astrophysics Data System}
}

% Dolphin (2002)
@ARTICLE{Dolphin2002,
       author = {{Dolphin}, A.~E.},
        title = "{Numerical methods of star formation history measurement and applications to seven dwarf spheroidals}",
      journal = {\mnras},
     keywords = {methods: numerical, methods: statistical, Local Group, galaxies: stellar content, Astrophysics},
         year = 2002,
        month = may,
       volume = {332},
       number = {1},
        pages = {91-108},
          doi = {10.1046/j.1365-8711.2002.05271.x},
archivePrefix = {arXiv},
       eprint = {astro-ph/0112331},
 primaryClass = {astro-ph},
       adsurl = {https://ui.adsabs.harvard.edu/abs/2002MNRAS.332...91D},
      adsnote = {Provided by the SAO/NASA Astrophysics Data System}
}

% Driver et al. (2018)
@ARTICLE{Driver2018,
       author = {{Driver}, Simon P. and {Andrews}, Stephen K. and {da Cunha}, Elisabete and {Davies}, Luke J. and {Lagos}, Claudia and {Robotham}, Aaron S.~G. and {Vinsen}, Kevin and {Wright}, Angus H. and {Alpaslan}, Mehmet and {Bland-Hawthorn}, Joss and {Bourne}, Nathan and {Brough}, Sarah and {Bremer}, Malcolm N. and {Cluver}, Michelle and {Colless}, Matthew and {Conselice}, Christopher J. and {Dunne}, Loretta and {Eales}, Steve A. and {Gomez}, Haley and {Holwerda}, Benne and {Hopkins}, Andrew M. and {Kafle}, Prajwal R. and {Kelvin}, Lee S. and {Loveday}, Jon and {Liske}, Jochen and {Maddox}, Steve J. and {Phillipps}, Steven and {Pimbblet}, Kevin and {Rowlands}, Kate and {Sansom}, Anne E. and {Taylor}, Edward and {Wang}, Lingyu and {Wilkins}, Stephen M.},
        title = "{GAMA/G10-COSMOS/3D-HST: the 0 < z < 5 cosmic star formation history, stellar-mass, and dust-mass densities}",
      journal = {\mnras},
     keywords = {astronomical data bases: miscellaneous, galaxies: evolution, galaxies: general, galaxies: individual, galaxies: photometry, cosmology: observations, Astrophysics - Astrophysics of Galaxies, Astrophysics - Cosmology and Nongalactic Astrophysics},
         year = 2018,
        month = apr,
       volume = {475},
       number = {3},
        pages = {2891-2935},
          doi = {10.1093/mnras/stx2728},
archivePrefix = {arXiv},
       eprint = {1710.06628},
 primaryClass = {astro-ph.GA},
       adsurl = {https://ui.adsabs.harvard.edu/abs/2018MNRAS.475.2891D},
      adsnote = {Provided by the SAO/NASA Astrophysics Data System}
}

% Dutta et al. (2009)
@ARTICLE{Dutta2009,
       author = {{Dutta}, Prasun and {Begum}, Ayesha and {Bharadwaj}, Somnath and {Chengalur}, Jayaram N.},
        title = "{A study of interstellar medium of dwarf galaxies using HI power spectrum analysis}",
      journal = {\mnras},
     keywords = {turbulence, Galaxy: disc, galaxies: ISM, Astrophysics - Astrophysics of Galaxies},
         year = 2009,
        month = sep,
       volume = {398},
       number = {2},
        pages = {887-897},
          doi = {10.1111/j.1365-2966.2009.15105.x},
archivePrefix = {arXiv},
       eprint = {0905.1756},
 primaryClass = {astro-ph.GA},
       adsurl = {https://ui.adsabs.harvard.edu/abs/2009MNRAS.398..887D},
      adsnote = {Provided by the SAO/NASA Astrophysics Data System}
}

% Ertl et al. (2016)
@ARTICLE{Ertl2016,
       author = {{Ertl}, T. and {Janka}, H. -Th. and {Woosley}, S.~E. and {Sukhbold}, T. and {Ugliano}, M.},
        title = "{A Two-parameter Criterion for Classifying the Explodability of Massive Stars by the Neutrino-driven Mechanism}",
      journal = {\apj},
     keywords = {hydrodynamics, neutrinos, stars: massive, supernovae: general, Astrophysics - Solar and Stellar Astrophysics, Astrophysics - High Energy Astrophysical Phenomena, Nuclear Theory},
         year = 2016,
        month = feb,
       volume = {818},
       number = {2},
          eid = {124},
        pages = {124},
          doi = {10.3847/0004-637X/818/2/124},
archivePrefix = {arXiv},
       eprint = {1503.07522},
 primaryClass = {astro-ph.SR},
       adsurl = {https://ui.adsabs.harvard.edu/abs/2016ApJ...818..124E},
      adsnote = {Provided by the SAO/NASA Astrophysics Data System}
}

% Fatahi et al. (2019)
@ARTICLE{Fattahi2019,
       author = {{Fattahi}, Azadeh and {Belokurov}, Vasily and {Deason}, Alis J. and {Frenk}, Carlos S. and {G{\'o}mez}, Facundo A. and {Grand}, Robert J.~J. and {Marinacci}, Federico and {Pakmor}, R{\"u}diger and {Springel}, Volker},
        title = "{The origin of galactic metal-rich stellar halo components with highly eccentric orbits}",
      journal = {\mnras},
     keywords = {methods: numerical, obsevational, Galaxy: evolution, Galaxy: halo, Galaxy: kinematics and dynamics, Astrophysics - Astrophysics of Galaxies},
         year = 2019,
        month = apr,
       volume = {484},
       number = {4},
        pages = {4471-4483},
          doi = {10.1093/mnras/stz159},
archivePrefix = {arXiv},
       eprint = {1810.07779},
 primaryClass = {astro-ph.GA},
       adsurl = {https://ui.adsabs.harvard.edu/abs/2019MNRAS.484.4471F},
      adsnote = {Provided by the SAO/NASA Astrophysics Data System}
}

% Foreman-Mackey et al. (2013)
@ARTICLE{Foreman-Mackey2013,
       author = {{Foreman-Mackey}, Daniel and {Hogg}, David W. and {Lang}, Dustin and {Goodman}, Jonathan},
        title = "{emcee: The MCMC Hammer}",
      journal = {\pasp},
     keywords = {Astrophysics - Instrumentation and Methods for Astrophysics, Physics - Computational Physics, Statistics - Computation},
         year = 2013,
        month = mar,
       volume = {125},
       number = {925},
        pages = {306},
          doi = {10.1086/670067},
archivePrefix = {arXiv},
       eprint = {1202.3665},
 primaryClass = {astro-ph.IM},
       adsurl = {https://ui.adsabs.harvard.edu/abs/2013PASP..125..306F},
      adsnote = {Provided by the SAO/NASA Astrophysics Data System}
}

% Freundlich & Maoz (2021)
@ARTICLE{Freundlich2021,
       author = {{Freundlich}, Jonathan and {Maoz}, Dan},
        title = "{The delay time distribution of Type-Ia supernovae in galaxy clusters: the impact of extended star-formation histories}",
      journal = {\mnras},
     keywords = {methods: statistical, stars: evolution, transients: supernovae, galaxies: clusters: general, galaxies: star formation, Astrophysics - Astrophysics of Galaxies, Astrophysics - Solar and Stellar Astrophysics},
         year = 2021,
        month = apr,
       volume = {502},
       number = {4},
        pages = {5882-5895},
          doi = {10.1093/mnras/stab493},
archivePrefix = {arXiv},
       eprint = {2012.00793},
 primaryClass = {astro-ph.GA},
       adsurl = {https://ui.adsabs.harvard.edu/abs/2021MNRAS.502.5882F},
      adsnote = {Provided by the SAO/NASA Astrophysics Data System}
}

% Gallazzi et al. (2005)
@ARTICLE{Gallazzi2005,
       author = {{Gallazzi}, Anna and {Charlot}, St{\'e}phane and {Brinchmann}, Jarle and {White}, Simon D.~M. and {Tremonti}, Christy A.},
        title = "{The ages and metallicities of galaxies in the local universe}",
      journal = {\mnras},
     keywords = {galaxies: evolution, galaxies: formation, galaxies: stellar content, Astrophysics},
         year = 2005,
        month = sep,
       volume = {362},
       number = {1},
        pages = {41-58},
          doi = {10.1111/j.1365-2966.2005.09321.x},
archivePrefix = {arXiv},
       eprint = {astro-ph/0506539},
 primaryClass = {astro-ph},
       adsurl = {https://ui.adsabs.harvard.edu/abs/2005MNRAS.362...41G},
      adsnote = {Provided by the SAO/NASA Astrophysics Data System}
}

% Grand, Kawata & Cropper (2012a)
@ARTICLE{Grand2012a,
       author = {{Grand}, Robert J.~J. and {Kawata}, Daisuke and {Cropper}, Mark},
        title = "{The dynamics of stars around spiral arms}",
      journal = {\mnras},
     keywords = {galaxies: evolution, galaxies: kinematics and dynamics, galaxies: spiral, galaxies: structure, Astrophysics - Astrophysics of Galaxies},
         year = 2012,
        month = apr,
       volume = {421},
       number = {2},
        pages = {1529-1538},
          doi = {10.1111/j.1365-2966.2012.20411.x},
archivePrefix = {arXiv},
       eprint = {1112.0019},
 primaryClass = {astro-ph.GA},
       adsurl = {https://ui.adsabs.harvard.edu/abs/2012MNRAS.421.1529G},
      adsnote = {Provided by the SAO/NASA Astrophysics Data System}
}

% Grand, Kawata & Cropper (2012b)
@ARTICLE{Grand2012b,
       author = {{Grand}, Robert J.~J. and {Kawata}, Daisuke and {Cropper}, Mark},
        title = "{Dynamics of stars around spiral arms in an N-body/SPH simulated barred spiral galaxy}",
      journal = {\mnras},
     keywords = {galaxies: evolution, galaxies: kinematics and dynamics, galaxies: spiral, galaxies: structure, Astrophysics - Astrophysics of Galaxies, Astrophysics - Cosmology and Nongalactic Astrophysics},
         year = 2012,
        month = oct,
       volume = {426},
       number = {1},
        pages = {167-180},
          doi = {10.1111/j.1365-2966.2012.21733.x},
archivePrefix = {arXiv},
       eprint = {1202.6387},
 primaryClass = {astro-ph.GA},
       adsurl = {https://ui.adsabs.harvard.edu/abs/2012MNRAS.426..167G},
      adsnote = {Provided by the SAO/NASA Astrophysics Data System}
}

% Graur & Maoz (2013)
@ARTICLE{Graur2013,
       author = {{Graur}, Or and {Maoz}, Dan},
        title = "{Discovery of 90 Type Ia supernovae among 700 000 Sloan spectra: the Type Ia supernova rate versus galaxy mass and star formation rate at redshift {\ensuremath{\sim}}0.1}",
      journal = {\mnras},
     keywords = {methods: observational, surveys, supernovae: general, Astrophysics - Cosmology and Nongalactic Astrophysics, Astrophysics - High Energy Astrophysical Phenomena},
         year = 2013,
        month = apr,
       volume = {430},
       number = {3},
        pages = {1746-1763},
          doi = {10.1093/mnras/sts718},
archivePrefix = {arXiv},
       eprint = {1209.0008},
 primaryClass = {astro-ph.CO},
       adsurl = {https://ui.adsabs.harvard.edu/abs/2013MNRAS.430.1746G},
      adsnote = {Provided by the SAO/NASA Astrophysics Data System}
}

% Graur et al. (2014)
@ARTICLE{Graur2014,
       author = {{Graur}, O. and {Rodney}, S.~A. and {Maoz}, D. and {Riess}, A.~G. and {Jha}, S.~W. and {Postman}, M. and {Dahlen}, T. and {Holoien}, T.~W. -S. and {McCully}, C. and {Patel}, B. and {Strolger}, L. -G. and {Ben{\'\i}tez}, N. and {Coe}, D. and {Jouvel}, S. and {Medezinski}, E. and {Molino}, A. and {Nonino}, M. and {Bradley}, L. and {Koekemoer}, A. and {Balestra}, I. and {Cenko}, S.~B. and {Clubb}, K.~I. and {Dickinson}, M.~E. and {Filippenko}, A.~V. and {Frederiksen}, T.~F. and {Garnavich}, P. and {Hjorth}, J. and {Jones}, D.~O. and {Leibundgut}, B. and {Matheson}, T. and {Mobasher}, B. and {Rosati}, P. and {Silverman}, J.~M. and {U}, V. and {Jedruszczuk}, K. and {Li}, C. and {Lin}, K. and {Mirmelstein}, M. and {Neustadt}, J. and {Ovadia}, A. and {Rogers}, E.~H.},
        title = "{Type-Ia Supernova Rates to Redshift 2.4 from CLASH: The Cluster Lensing And Supernova Survey with Hubble}",
      journal = {\apj},
     keywords = {supernovae: general, surveys, white dwarfs, Astrophysics - Cosmology and Nongalactic Astrophysics},
         year = 2014,
        month = mar,
       volume = {783},
       number = {1},
          eid = {28},
        pages = {28},
          doi = {10.1088/0004-637X/783/1/28},
archivePrefix = {arXiv},
       eprint = {1310.3495},
 primaryClass = {astro-ph.CO},
       adsurl = {https://ui.adsabs.harvard.edu/abs/2014ApJ...783...28G},
      adsnote = {Provided by the SAO/NASA Astrophysics Data System}
}

% Greggio (2005)
@ARTICLE{Greggio2005,
       author = {{Greggio}, L.},
        title = "{The rates of type Ia supernovae. I. Analytical formulations}",
      journal = {\aap},
     keywords = {stars: binaries: close, stars: supernovae: general, galaxies: evolution, galaxies: intergalactic medium, stars: white dwarfs, Astrophysics},
         year = 2005,
        month = oct,
       volume = {441},
       number = {3},
        pages = {1055-1078},
          doi = {10.1051/0004-6361:20052926},
archivePrefix = {arXiv},
       eprint = {astro-ph/0504376},
 primaryClass = {astro-ph},
       adsurl = {https://ui.adsabs.harvard.edu/abs/2005A&A...441.1055G},
      adsnote = {Provided by the SAO/NASA Astrophysics Data System}
}

% Griffith, Weinberg & Johnson (2019)
@ARTICLE{Griffith2019,
       author = {{Griffith}, Emily and {Johnson}, Jennifer A. and {Weinberg}, David H.},
        title = "{Abundance Ratios in GALAH DR2 and Their Implications for Nucleosynthesis}",
      journal = {\apj},
     keywords = {Galaxy abundances, Stellar abundances, Nucleosynthesis, Stellar nucleosynthesis, 574, 1577, 1131, 1616, Astrophysics - Solar and Stellar Astrophysics, Astrophysics - Astrophysics of Galaxies},
         year = 2019,
        month = dec,
       volume = {886},
       number = {2},
          eid = {84},
        pages = {84},
          doi = {10.3847/1538-4357/ab4b5d},
archivePrefix = {arXiv},
       eprint = {1908.06113},
 primaryClass = {astro-ph.SR},
       adsurl = {https://ui.adsabs.harvard.edu/abs/2019ApJ...886...84G},
      adsnote = {Provided by the SAO/NASA Astrophysics Data System}
}

% Griffith et al. (2021)
@ARTICLE{Griffith2021,
       author = {{Griffith}, Emily J. and {Sukhbold}, Tuguldur and {Weinberg}, David H. and {Johnson}, Jennifer A. and {Johnson}, James W. and {Vincenzo}, Fiorenzo},
        title = "{The Impact of Black Hole Formation on Population-averaged Supernova Yields}",
      journal = {\apj},
     keywords = {Core-collapse supernovae, Nucleosynthesis, Stellar nucleosynthesis, Abundance ratios, Stellar abundances, Stellar mass black holes, 304, 1131, 1616, 11, 1577, 1611, Astrophysics - Solar and Stellar Astrophysics, Astrophysics - Astrophysics of Galaxies},
         year = 2021,
        month = nov,
       volume = {921},
       number = {1},
          eid = {73},
        pages = {73},
          doi = {10.3847/1538-4357/ac1bac},
archivePrefix = {arXiv},
       eprint = {2103.09837},
 primaryClass = {astro-ph.SR},
       adsurl = {https://ui.adsabs.harvard.edu/abs/2021ApJ...921...73G},
      adsnote = {Provided by the SAO/NASA Astrophysics Data System}
}

% Griffith et al. (2022)
@ARTICLE{Griffith2022,
       author = {{Griffith}, Emily J. and {Weinberg}, David H. and {Buder}, Sven and {Johnson}, Jennifer A. and {Johnson}, James W. and {Vincenzo}, Fiorenzo},
        title = "{Residual Abundances in GALAH DR3: Implications for Nucleosynthesis and Identification of Unique Stellar Populations}",
      journal = {\apj},
     keywords = {Chemical abundances, Galactic abundances, Core-collapse supernovae, Type Ia supernovae, Asymptotic giant branch stars, 224, 2002, 304, 1728, 2100, Astrophysics - Astrophysics of Galaxies, Astrophysics - Solar and Stellar Astrophysics},
         year = 2022,
        month = may,
       volume = {931},
       number = {1},
          eid = {23},
        pages = {23},
          doi = {10.3847/1538-4357/ac5826},
archivePrefix = {arXiv},
       eprint = {2110.06240},
 primaryClass = {astro-ph.GA},
       adsurl = {https://ui.adsabs.harvard.edu/abs/2022ApJ...931...23G},
      adsnote = {Provided by the SAO/NASA Astrophysics Data System}
}

Hasselquist et al. (2021)
@ARTICLE{Hasselquist2021,
       author = {{Hasselquist}, Sten and {Hayes}, Christian R. and {Lian}, Jianhui and {Weinberg}, David H. and {Zasowski}, Gail and {Horta}, Danny and {Beaton}, Rachael and {Feuillet}, Diane K. and {Garro}, Elisa R. and {Gallart}, Carme and {Smith}, Verne V. and {Holtzman}, Jon A. and {Minniti}, Dante and {Lacerna}, Ivan and {Shetrone}, Matthew and {J{\"o}nsson}, Henrik and {Cioni}, Maria-Rosa L. and {Fillingham}, Sean P. and {Cunha}, Katia and {O'Connell}, Robert and {Fern{\'a}ndez-Trincado}, Jos{\'e} G. and {Mu{\~n}oz}, Ricardo R. and {Schiavon}, Ricardo and {Almeida}, Andres and {Anguiano}, Borja and {Beers}, Timothy C. and {Bizyaev}, Dmitry and {Brownstein}, Joel R. and {Cohen}, Roger E. and {Frinchaboy}, Peter and {Garc{\'\i}a-Hern{\'a}ndez}, D.~A. and {Geisler}, Doug and {Lane}, Richard R. and {Majewski}, Steven R. and {Nidever}, David L. and {Nitschelm}, Christian and {Povick}, Joshua and {Price-Whelan}, Adrian and {Roman-Lopes}, Alexandre and {Rosado}, Margarita and {Sobeck}, Jennifer and {Stringfellow}, Guy and {Valenzuela}, Octavio and {Villanova}, Sandro and {Vincenzo}, Fiorenzo},
        title = "{APOGEE Chemical Abundance Patterns of the Massive Milky Way Satellites}",
      journal = {\apj},
     keywords = {416, 573, 1423, 903, 990, 1468, 548, 580, 225, 224, 11, 574, Astrophysics - Astrophysics of Galaxies},
         year = 2021,
        month = dec,
       volume = {923},
       number = {2},
          eid = {172},
        pages = {172},
          doi = {10.3847/1538-4357/ac25f9},
archivePrefix = {arXiv},
       eprint = {2109.05130},
 primaryClass = {astro-ph.GA},
       adsurl = {https://ui.adsabs.harvard.edu/abs/2021ApJ...923..172H},
      adsnote = {Provided by the SAO/NASA Astrophysics Data System}
}

% Haxton, Hamish Robertson & Serenello (2013)
@ARTICLE{Haxton2013,
       author = {{Haxton}, W.~C. and {Hamish Robertson}, R.~G. and {Serenelli}, Aldo M.},
        title = "{Solar Neutrinos: Status and Prospects}",
      journal = {\araa},
     keywords = {Astrophysics - Solar and Stellar Astrophysics, High Energy Physics - Experiment, High Energy Physics - Phenomenology, Nuclear Experiment, Nuclear Theory},
         year = 2013,
        month = aug,
       volume = {51},
       number = {1},
        pages = {21-61},
          doi = {10.1146/annurev-astro-081811-125539},
archivePrefix = {arXiv},
       eprint = {1208.5723},
 primaryClass = {astro-ph.SR},
       adsurl = {https://ui.adsabs.harvard.edu/abs/2013ARA&A..51...21H},
      adsnote = {Provided by the SAO/NASA Astrophysics Data System}
}

% Helmi et al. (1999)
@ARTICLE{Helmi1999,
       author = {{Helmi}, Amina and {White}, Simon D.~M. and {de Zeeuw}, P. Tim and {Zhao}, Hongsheng},
        title = "{Debris streams in the solar neighbourhood as relicts from the formation of the Milky Way}",
      journal = {\nat},
     keywords = {Astrophysics},
         year = 1999,
        month = nov,
       volume = {402},
       number = {6757},
        pages = {53-55},
          doi = {10.1038/46980},
archivePrefix = {arXiv},
       eprint = {astro-ph/9911041},
 primaryClass = {astro-ph},
       adsurl = {https://ui.adsabs.harvard.edu/abs/1999Natur.402...53H},
      adsnote = {Provided by the SAO/NASA Astrophysics Data System}
}

% Helmi et al. (2018)
@ARTICLE{Helmi2018,
       author = {{Helmi}, Amina and {Babusiaux}, Carine and {Koppelman}, Helmer H. and {Massari}, Davide and {Veljanoski}, Jovan and {Brown}, Anthony G.~A.},
        title = "{The merger that led to the formation of the Milky Way's inner stellar halo and thick disk}",
      journal = {\nat},
     keywords = {Astrophysics - Astrophysics of Galaxies},
         year = 2018,
        month = oct,
       volume = {563},
       number = {7729},
        pages = {85-88},
          doi = {10.1038/s41586-018-0625-x},
archivePrefix = {arXiv},
       eprint = {1806.06038},
 primaryClass = {astro-ph.GA},
       adsurl = {https://ui.adsabs.harvard.edu/abs/2018Natur.563...85H},
      adsnote = {Provided by the SAO/NASA Astrophysics Data System}
}

% Hirschman et al. (2012)
@ARTICLE{Hirschman2012,
       author = {{Hirschmann}, Michaela and {Naab}, Thorsten and {Somerville}, Rachel S. and {Burkert}, Andreas and {Oser}, Ludwig},
        title = "{Galaxy formation in semi-analytic models and cosmological hydrodynamic zoom simulations}",
      journal = {\mnras},
     keywords = {methods: analytical, methods: numerical, galaxies: evolution, galaxies: formation, galaxies: star formation, Astrophysics - Cosmology and Nongalactic Astrophysics},
         year = 2012,
        month = feb,
       volume = {419},
       number = {4},
        pages = {3200-3222},
          doi = {10.1111/j.1365-2966.2011.19961.x},
archivePrefix = {arXiv},
       eprint = {1104.1626},
 primaryClass = {astro-ph.CO},
       adsurl = {https://ui.adsabs.harvard.edu/abs/2012MNRAS.419.3200H},
      adsnote = {Provided by the SAO/NASA Astrophysics Data System}
}

% Holland-Ashford2020
@ARTICLE{Holland-Ashford2020,
       author = {{Holland-Ashford}, Tyler and {Lopez}, Laura A. and {Auchettl}, Katie},
        title = "{Asymmetries of Heavy Elements in the Young Supernova Remnant Cassiopeia A}",
      journal = {\apj},
     keywords = {Supernova remnants, Neutron stars, Spectroscopy, X-ray telescopes, X-ray observatories, Astronomy data modeling, Core-collapse supernovae, 1667, 1108, 1558, 1825, 1819, 1859, 304, Astrophysics - High Energy Astrophysical Phenomena},
         year = 2020,
        month = feb,
       volume = {889},
       number = {2},
          eid = {144},
        pages = {144},
          doi = {10.3847/1538-4357/ab64e4},
archivePrefix = {arXiv},
       eprint = {1904.06357},
 primaryClass = {astro-ph.HE},
       adsurl = {https://ui.adsabs.harvard.edu/abs/2020ApJ...889..144H},
      adsnote = {Provided by the SAO/NASA Astrophysics Data System}
}

% Hopkins & Beacom (2006)
@ARTICLE{Hopkins2006,
       author = {{Hopkins}, Andrew M. and {Beacom}, John F.},
        title = "{On the Normalization of the Cosmic Star Formation History}",
      journal = {\apj},
     keywords = {Galaxies: Evolution, Galaxies: Formation, Galaxies: Starburst, Neutrinos, Stars: Supernovae: General, Astrophysics, High Energy Physics - Phenomenology, Nuclear Theory},
         year = 2006,
        month = nov,
       volume = {651},
       number = {1},
        pages = {142-154},
          doi = {10.1086/506610},
archivePrefix = {arXiv},
       eprint = {astro-ph/0601463},
 primaryClass = {astro-ph},
       adsurl = {https://ui.adsabs.harvard.edu/abs/2006ApJ...651..142H},
      adsnote = {Provided by the SAO/NASA Astrophysics Data System}
}

% Hu et al. (2022)
@ARTICLE{Hu2022,
       author = {{Hu}, Chia-Yu and {Smith}, Matthew C. and {Teyssier}, Romain and {Bryan}, Greg L. and {Verbeke}, Robbert and {Emerick}, Andrew and {Somerville}, Rachel S. and {Burkhart}, Blakesley and {Li}, Yuan and {Forbes}, John C. and {Starkenburg}, Tjitske},
        title = "{Code Comparison in Galaxy Scale Simulations with Resolved Supernova Feedback:\textbackslash\textbackslash Lagrangian vs. Eulerian Methods}",
      journal = {arXiv e-prints},
     keywords = {Astrophysics - Astrophysics of Galaxies},
         year = 2022,
        month = aug,
          eid = {arXiv:2208.10528},
        pages = {arXiv:2208.10528},
archivePrefix = {arXiv},
       eprint = {2208.10528},
 primaryClass = {astro-ph.GA},
       adsurl = {https://ui.adsabs.harvard.edu/abs/2022arXiv220810528H},
      adsnote = {Provided by the SAO/NASA Astrophysics Data System}
}

% Hudson et al. (2015)
@ARTICLE{Hudson2015,
       author = {{Hudson}, Michael J. and {Gillis}, Bryan R. and {Coupon}, Jean and {Hildebrandt}, Hendrik and {Erben}, Thomas and {Heymans}, Catherine and {Hoekstra}, Henk and {Kitching}, Thomas D. and {Mellier}, Yannick and {Miller}, Lance and {Van Waerbeke}, Ludovic and {Bonnett}, Christopher and {Fu}, Liping and {Kuijken}, Konrad and {Rowe}, Barnaby and {Schrabback}, Tim and {Semboloni}, Elisabetta and {van Uitert}, Edo and {Velander}, Malin},
        title = "{CFHTLenS: co-evolution of galaxies and their dark matter haloes}",
      journal = {\mnras},
     keywords = {gravitational lensing: weak, galaxies: haloes, cosmology: observations, dark matter, Astrophysics - Cosmology and Nongalactic Astrophysics},
         year = 2015,
        month = feb,
       volume = {447},
       number = {1},
        pages = {298-314},
          doi = {10.1093/mnras/stu2367},
archivePrefix = {arXiv},
       eprint = {1310.6784},
 primaryClass = {astro-ph.CO},
       adsurl = {https://ui.adsabs.harvard.edu/abs/2015MNRAS.447..298H},
      adsnote = {Provided by the SAO/NASA Astrophysics Data System}
}

% Hurley, Pols & Tout (2000) 
@ARTICLE{Hurley2000,
       author = {{Hurley}, Jarrod R. and {Pols}, Onno R. and {Tout}, Christopher A.},
        title = "{Comprehensive analytic formulae for stellar evolution as a function of mass and metallicity}",
      journal = {\mnras},
     keywords = {METHODS: ANALYTICAL, STARS: EVOLUTION, STARS: FUNDAMENTAL PARAMETERS, STARS: MASS-LOSS, STARS: POPULATION II, GALAXIES: STELLAR CONTENT, Astrophysics},
         year = 2000,
        month = jul,
       volume = {315},
       number = {3},
        pages = {543-569},
          doi = {10.1046/j.1365-8711.2000.03426.x},
archivePrefix = {arXiv},
       eprint = {astro-ph/0001295},
 primaryClass = {astro-ph},
       adsurl = {https://ui.adsabs.harvard.edu/abs/2000MNRAS.315..543H},
      adsnote = {Provided by the SAO/NASA Astrophysics Data System}
}

% Ivezic et al. (2019)
@ARTICLE{Ivezic2019,
       author = {{Ivezi{\'c}}, {\v{Z}}eljko and {Kahn}, Steven M. and {Tyson}, J. Anthony and {Abel}, Bob and {Acosta}, Emily and {Allsman}, Robyn and {Alonso}, David and {AlSayyad}, Yusra and {Anderson}, Scott F. and {Andrew}, John and {Angel}, James Roger P. and {Angeli}, George Z. and {Ansari}, Reza and {Antilogus}, Pierre and {Araujo}, Constanza and {Armstrong}, Robert and {Arndt}, Kirk T. and {Astier}, Pierre and {Aubourg}, {\'E}ric and {Auza}, Nicole and {Axelrod}, Tim S. and {Bard}, Deborah J. and {Barr}, Jeff D. and {Barrau}, Aurelian and {Bartlett}, James G. and {Bauer}, Amanda E. and {Bauman}, Brian J. and {Baumont}, Sylvain and {Bechtol}, Ellen and {Bechtol}, Keith and {Becker}, Andrew C. and {Becla}, Jacek and {Beldica}, Cristina and {Bellavia}, Steve and {Bianco}, Federica B. and {Biswas}, Rahul and {Blanc}, Guillaume and {Blazek}, Jonathan and {Blandford}, Roger D. and {Bloom}, Josh S. and {Bogart}, Joanne and {Bond}, Tim W. and {Booth}, Michael T. and {Borgland}, Anders W. and {Borne}, Kirk and {Bosch}, James F. and {Boutigny}, Dominique and {Brackett}, Craig A. and {Bradshaw}, Andrew and {Brandt}, William Nielsen and {Brown}, Michael E. and {Bullock}, James S. and {Burchat}, Patricia and {Burke}, David L. and {Cagnoli}, Gianpietro and {Calabrese}, Daniel and {Callahan}, Shawn and {Callen}, Alice L. and {Carlin}, Jeffrey L. and {Carlson}, Erin L. and {Chandrasekharan}, Srinivasan and {Charles-Emerson}, Glenaver and {Chesley}, Steve and {Cheu}, Elliott C. and {Chiang}, Hsin-Fang and {Chiang}, James and {Chirino}, Carol and {Chow}, Derek and {Ciardi}, David R. and {Claver}, Charles F. and {Cohen-Tanugi}, Johann and {Cockrum}, Joseph J. and {Coles}, Rebecca and {Connolly}, Andrew J. and {Cook}, Kem H. and {Cooray}, Asantha and {Covey}, Kevin R. and {Cribbs}, Chris and {Cui}, Wei and {Cutri}, Roc and {Daly}, Philip N. and {Daniel}, Scott F. and {Daruich}, Felipe and {Daubard}, Guillaume and {Daues}, Greg and {Dawson}, William and {Delgado}, Francisco and {Dellapenna}, Alfred and {de Peyster}, Robert and {de Val-Borro}, Miguel and {Digel}, Seth W. and {Doherty}, Peter and {Dubois}, Richard and {Dubois-Felsmann}, Gregory P. and {Durech}, Josef and {Economou}, Frossie and {Eifler}, Tim and {Eracleous}, Michael and {Emmons}, Benjamin L. and {Fausti Neto}, Angelo and {Ferguson}, Henry and {Figueroa}, Enrique and {Fisher-Levine}, Merlin and {Focke}, Warren and {Foss}, Michael D. and {Frank}, James and {Freemon}, Michael D. and {Gangler}, Emmanuel and {Gawiser}, Eric and {Geary}, John C. and {Gee}, Perry and {Geha}, Marla and {Gessner}, Charles J.~B. and {Gibson}, Robert R. and {Gilmore}, D. Kirk and {Glanzman}, Thomas and {Glick}, William and {Goldina}, Tatiana and {Goldstein}, Daniel A. and {Goodenow}, Iain and {Graham}, Melissa L. and {Gressler}, William J. and {Gris}, Philippe and {Guy}, Leanne P. and {Guyonnet}, Augustin and {Haller}, Gunther and {Harris}, Ron and {Hascall}, Patrick A. and {Haupt}, Justine and {Hernandez}, Fabio and {Herrmann}, Sven and {Hileman}, Edward and {Hoblitt}, Joshua and {Hodgson}, John A. and {Hogan}, Craig and {Howard}, James D. and {Huang}, Dajun and {Huffer}, Michael E. and {Ingraham}, Patrick and {Innes}, Walter R. and {Jacoby}, Suzanne H. and {Jain}, Bhuvnesh and {Jammes}, Fabrice and {Jee}, M. James and {Jenness}, Tim and {Jernigan}, Garrett and {Jevremovi{\'c}}, Darko and {Johns}, Kenneth and {Johnson}, Anthony S. and {Johnson}, Margaret W.~G. and {Jones}, R. Lynne and {Juramy-Gilles}, Claire and {Juri{\'c}}, Mario and {Kalirai}, Jason S. and {Kallivayalil}, Nitya J. and {Kalmbach}, Bryce and {Kantor}, Jeffrey P. and {Karst}, Pierre and {Kasliwal}, Mansi M. and {Kelly}, Heather and {Kessler}, Richard and {Kinnison}, Veronica and {Kirkby}, David and {Knox}, Lloyd and {Kotov}, Ivan V. and {Krabbendam}, Victor L. and {Krughoff}, K. Simon and {Kub{\'a}nek}, Petr and {Kuczewski}, John and {Kulkarni}, Shri and {Ku}, John and {Kurita}, Nadine R. and {Lage}, Craig S. and {Lambert}, Ron and {Lange}, Travis and {Langton}, J. Brian and {Le Guillou}, Laurent and {Levine}, Deborah and {Liang}, Ming and {Lim}, Kian-Tat and {Lintott}, Chris J. and {Long}, Kevin E. and {Lopez}, Margaux and {Lotz}, Paul J. and {Lupton}, Robert H. and {Lust}, Nate B. and {MacArthur}, Lauren A. and {Mahabal}, Ashish and {Mandelbaum}, Rachel and {Markiewicz}, Thomas W. and {Marsh}, Darren S. and {Marshall}, Philip J. and {Marshall}, Stuart and {May}, Morgan and {McKercher}, Robert and {McQueen}, Michelle and {Meyers}, Joshua and {Migliore}, Myriam and {Miller}, Michelle and {Mills}, David J. and {Miraval}, Connor and {Moeyens}, Joachim and {Moolekamp}, Fred E. and {Monet}, David G. and {Moniez}, Marc and {Monkewitz}, Serge and {Montgomery}, Christopher and {Morrison}, Christopher B. and {Mueller}, Fritz and {Muller}, Gary P. and {Mu{\~n}oz Arancibia}, Freddy and {Neill}, Douglas R. and {Newbry}, Scott P. and {Nief}, Jean-Yves and {Nomerotski}, Andrei and {Nordby}, Martin and {O'Connor}, Paul and {Oliver}, John and {Olivier}, Scot S. and {Olsen}, Knut and {O'Mullane}, William and {Ortiz}, Sandra and {Osier}, Shawn and {Owen}, Russell E. and {Pain}, Reynald and {Palecek}, Paul E. and {Parejko}, John K. and {Parsons}, James B. and {Pease}, Nathan M. and {Peterson}, J. Matt and {Peterson}, John R. and {Petravick}, Donald L. and {Libby Petrick}, M.~E. and {Petry}, Cathy E. and {Pierfederici}, Francesco and {Pietrowicz}, Stephen and {Pike}, Rob and {Pinto}, Philip A. and {Plante}, Raymond and {Plate}, Stephen and {Plutchak}, Joel P. and {Price}, Paul A. and {Prouza}, Michael and {Radeka}, Veljko and {Rajagopal}, Jayadev and {Rasmussen}, Andrew P. and {Regnault}, Nicolas and {Reil}, Kevin A. and {Reiss}, David J. and {Reuter}, Michael A. and {Ridgway}, Stephen T. and {Riot}, Vincent J. and {Ritz}, Steve and {Robinson}, Sean and {Roby}, William and {Roodman}, Aaron and {Rosing}, Wayne and {Roucelle}, Cecille and {Rumore}, Matthew R. and {Russo}, Stefano and {Saha}, Abhijit and {Sassolas}, Benoit and {Schalk}, Terry L. and {Schellart}, Pim and {Schindler}, Rafe H. and {Schmidt}, Samuel and {Schneider}, Donald P. and {Schneider}, Michael D. and {Schoening}, William and {Schumacher}, German and {Schwamb}, Megan E. and {Sebag}, Jacques and {Selvy}, Brian and {Sembroski}, Glenn H. and {Seppala}, Lynn G. and {Serio}, Andrew and {Serrano}, Eduardo and {Shaw}, Richard A. and {Shipsey}, Ian and {Sick}, Jonathan and {Silvestri}, Nicole and {Slater}, Colin T. and {Smith}, J. Allyn and {Smith}, R. Chris and {Sobhani}, Shahram and {Soldahl}, Christine and {Storrie-Lombardi}, Lisa and {Stover}, Edward and {Strauss}, Michael A. and {Street}, Rachel A. and {Stubbs}, Christopher W. and {Sullivan}, Ian S. and {Sweeney}, Donald and {Swinbank}, John D. and {Szalay}, Alexander and {Takacs}, Peter and {Tether}, Stephen A. and {Thaler}, Jon J. and {Thayer}, John Gregg and {Thomas}, Sandrine and {Thornton}, Adam J. and {Thukral}, Vaikunth and {Tice}, Jeffrey and {Trilling}, David E. and {Turri}, Max and {Van Berg}, Richard and {Vanden Berk}, Daniel and {Vetter}, Kurt and {Virieux}, Francoise and {Vucina}, Tomislav and {Wahl}, William and {Walkowicz}, Lucianne and {Walsh}, Brian and {Walter}, Christopher W. and {Wang}, Daniel L. and {Wang}, Shin-Yawn and {Warner}, Michael and {Wiecha}, Oliver and {Willman}, Beth and {Winters}, Scott E. and {Wittman}, David and {Wolff}, Sidney C. and {Wood-Vasey}, W. Michael and {Wu}, Xiuqin and {Xin}, Bo and {Yoachim}, Peter and {Zhan}, Hu},
        title = "{LSST: From Science Drivers to Reference Design and Anticipated Data Products}",
      journal = {\apj},
     keywords = {astrometry, cosmology: observations, Galaxy: general, methods: observational, stars: general, surveys, Astrophysics},
         year = 2019,
        month = mar,
       volume = {873},
       number = {2},
          eid = {111},
        pages = {111},
          doi = {10.3847/1538-4357/ab042c},
archivePrefix = {arXiv},
       eprint = {0805.2366},
 primaryClass = {astro-ph},
       adsurl = {https://ui.adsabs.harvard.edu/abs/2019ApJ...873..111I},
      adsnote = {Provided by the SAO/NASA Astrophysics Data System}
}

% Iwamoto et al. (1999)
@ARTICLE{Iwamoto1999,
       author = {{Iwamoto}, Koichi and {Brachwitz}, Franziska and {Nomoto}, Ken'ICHI and {Kishimoto}, Nobuhiro and {Umeda}, Hideyuki and {Hix}, W. Raphael and {Thielemann}, Friedrich-Karl},
        title = "{Nucleosynthesis in Chandrasekhar Mass Models for Type IA Supernovae and Constraints on Progenitor Systems and Burning-Front Propagation}",
      journal = {\apjs},
     keywords = {NUCLEAR REACTIONS, NUCLEOSYNTHESIS, ABUNDANCES, STARS: INTERIORS, SUPERNOVAE: GENERAL, Nuclear Reactions, Nucleosynthesis, Abundances, Stars: Interiors, supernovae: general, Astrophysics},
         year = 1999,
        month = dec,
       volume = {125},
       number = {2},
        pages = {439-462},
          doi = {10.1086/313278},
archivePrefix = {arXiv},
       eprint = {astro-ph/0002337},
 primaryClass = {astro-ph},
       adsurl = {https://ui.adsabs.harvard.edu/abs/1999ApJS..125..439I},
      adsnote = {Provided by the SAO/NASA Astrophysics Data System}
}

% Johnson (2019)
@ARTICLE{Johnson2019,
       author = {{Johnson}, Jennifer A.},
        title = "{Populating the periodic table: Nucleosynthesis of the elements}",
      journal = {Science},
     keywords = {ASTRONOMY, CHEMISTRY, GEOCHEM PHYS},
         year = 2019,
        month = feb,
       volume = {363},
       number = {6426},
        pages = {474-478},
          doi = {10.1126/science.aau9540},
       adsurl = {https://ui.adsabs.harvard.edu/abs/2019Sci...363..474J},
      adsnote = {Provided by the SAO/NASA Astrophysics Data System}
}

% Johnson & Weinberg (2020)
@ARTICLE{Johnson2020,
       author = {{Johnson}, James W. and {Weinberg}, David H.},
        title = "{The impact of starbursts on element abundance ratios}",
      journal = {\mnras},
     keywords = {methods: numerical, galaxies: abundances, galaxies: evolution, galaxies: star formation, galaxies: stellar content, Astrophysics - Astrophysics of Galaxies},
         year = 2020,
        month = oct,
       volume = {498},
       number = {1},
        pages = {1364-1381},
          doi = {10.1093/mnras/staa2431},
archivePrefix = {arXiv},
       eprint = {1911.02598},
 primaryClass = {astro-ph.GA},
       adsurl = {https://ui.adsabs.harvard.edu/abs/2020MNRAS.498.1364J},
      adsnote = {Provided by the SAO/NASA Astrophysics Data System}
}

% Johnson et al. (2021)
@ARTICLE{Johnson2021,
       author = {{Johnson}, James W. and {Weinberg}, David H. and {Vincenzo}, Fiorenzo and {Bird}, Jonathan C. and {Loebman}, Sarah R. and {Brooks}, Alyson M. and {Quinn}, Thomas R. and {Christensen}, Charlotte R. and {Griffith}, Emily J.},
        title = "{Stellar migration and chemical enrichment in the milky way disc: a hybrid model}",
      journal = {\mnras},
     keywords = {methods: numerical, galaxies: abundances, galaxies: evolution, galaxies: star formation, galaxies: stellar content, Astrophysics - Astrophysics of Galaxies},
         year = 2021,
        month = dec,
       volume = {508},
       number = {3},
        pages = {4484-4511},
          doi = {10.1093/mnras/stab2718},
archivePrefix = {arXiv},
       eprint = {2103.09838},
 primaryClass = {astro-ph.GA},
       adsurl = {https://ui.adsabs.harvard.edu/abs/2021MNRAS.508.4484J},
      adsnote = {Provided by the SAO/NASA Astrophysics Data System}
}

% Johnson et al. (2022)
@ARTICLE{Johnson2022,
       author = {{Johnson}, James W. and {Weinberg}, David H. and {Vincenzo}, Fiorenzo and {Bird}, Jonathan C. and {Griffith}, Emily J.},
        title = "{Empirical Constraints on the Nucleosynthesis of Nitrogen}",
      journal = {arXiv e-prints},
     keywords = {Astrophysics - Astrophysics of Galaxies, Astrophysics - Solar and Stellar Astrophysics},
         year = 2022,
        month = feb,
          eid = {arXiv:2202.04666},
        pages = {arXiv:2202.04666},
archivePrefix = {arXiv},
       eprint = {2202.04666},
 primaryClass = {astro-ph.GA},
       adsurl = {https://ui.adsabs.harvard.edu/abs/2022arXiv220204666J},
      adsnote = {Provided by the SAO/NASA Astrophysics Data System}
}

% Kalirai et al. (2008)
@ARTICLE{Kalirai2008,
       author = {{Kalirai}, Jasonjot S. and {Hansen}, Brad M.~S. and {Kelson}, Daniel D. and {Reitzel}, David B. and {Rich}, R. Michael and {Richer}, Harvey B.},
        title = "{The Initial-Final Mass Relation: Direct Constraints at the Low-Mass End}",
      journal = {\apj},
     keywords = {open clusters and associations: individual: NGC 6819 NGC 7789, stars: evolution, techniques: photometric, techniques: spectroscopic, white dwarfs, Astrophysics},
         year = 2008,
        month = mar,
       volume = {676},
       number = {1},
        pages = {594-609},
          doi = {10.1086/527028},
archivePrefix = {arXiv},
       eprint = {0706.3894},
 primaryClass = {astro-ph},
       adsurl = {https://ui.adsabs.harvard.edu/abs/2008ApJ...676..594K},
      adsnote = {Provided by the SAO/NASA Astrophysics Data System}
}

% Karakas & Lugaro (2016) 
@ARTICLE{Karakas2016,
       author = {{Karakas}, Amanda I. and {Lugaro}, Maria},
        title = "{Stellar Yields from Metal-rich Asymptotic Giant Branch Models}",
      journal = {\apj},
     keywords = {Galaxy: abundances, galaxies: abundances, ISM: abundances, nuclear reactions, nucleosynthesis, abundances, stars: AGB and post-AGB, stars: carbon, Astrophysics - Solar and Stellar Astrophysics, Astrophysics - Astrophysics of Galaxies},
         year = 2016,
        month = jul,
       volume = {825},
       number = {1},
          eid = {26},
        pages = {26},
          doi = {10.3847/0004-637X/825/1/26},
archivePrefix = {arXiv},
       eprint = {1604.02178},
 primaryClass = {astro-ph.SR},
       adsurl = {https://ui.adsabs.harvard.edu/abs/2016ApJ...825...26K},
      adsnote = {Provided by the SAO/NASA Astrophysics Data System}
}

% Karakas et al. (2018) 
@ARTICLE{Karakas2018,
       author = {{Karakas}, Amanda I. and {Lugaro}, Maria and {Carlos}, Mar{\'\i}lia and {Cseh}, Borb{\'a}la and {Kamath}, Devika and {Garc{\'\i}a-Hern{\'a}ndez}, D.~A.},
        title = "{Heavy-element yields and abundances of asymptotic giant branch models with a Small Magellanic Cloud metallicity}",
      journal = {\mnras},
     keywords = {nuclear reactions, nucleosynthesis, abundances, stars: AGB and post-AGB, ISM: abundances, galaxies: abundances, Magellanic Clouds, Astrophysics - Solar and Stellar Astrophysics},
         year = 2018,
        month = jun,
       volume = {477},
       number = {1},
        pages = {421-437},
          doi = {10.1093/mnras/sty625},
archivePrefix = {arXiv},
       eprint = {1803.02028},
 primaryClass = {astro-ph.SR},
       adsurl = {https://ui.adsabs.harvard.edu/abs/2018MNRAS.477..421K},
      adsnote = {Provided by the SAO/NASA Astrophysics Data System}
}

% Kennicutt (1998)
@ARTICLE{Kennicutt1998,
       author = {{Kennicutt}, Robert C., Jr.},
        title = "{The Global Schmidt Law in Star-forming Galaxies}",
      journal = {\apj},
     keywords = {GALAXIES: EVOLUTION, GALAXIES: ISM, GALAXIES: SPIRAL, GALAXIES: STELLAR CONTENT, GALAXIES: STARBURST, STARS: FORMATION, Galaxies: Evolution, Galaxies: ISM, Galaxies: Spiral, Galaxies: Starburst, Galaxies: Stellar Content, Stars: Formation, Astrophysics},
         year = 1998,
        month = may,
       volume = {498},
       number = {2},
        pages = {541-552},
          doi = {10.1086/305588},
archivePrefix = {arXiv},
       eprint = {astro-ph/9712213},
 primaryClass = {astro-ph},
       adsurl = {https://ui.adsabs.harvard.edu/abs/1998ApJ...498..541K},
      adsnote = {Provided by the SAO/NASA Astrophysics Data System}
}

% Kennicutt & de los Reyes (2021)
@ARTICLE{Kennicutt2021,
       author = {{Kennicutt}, Robert C., Jr. and {De Los Reyes}, Mithi A.~C.},
        title = "{Revisiting the Integrated Star Formation Law. II. Starbursts and the Combined Global Schmidt Law}",
      journal = {\apj},
     keywords = {Disk galaxies, Galaxy evolution, Spiral galaxies, Interacting galaxies, Luminous infrared galaxies, Starburst galaxies, Blue compact dwarf galaxies, Star formation, Interstellar dust, 391, 594, 1560, 802, 946, 1570, 165, 1569, 836, Astrophysics - Astrophysics of Galaxies},
         year = 2021,
        month = feb,
       volume = {908},
       number = {1},
          eid = {61},
        pages = {61},
          doi = {10.3847/1538-4357/abd3a2},
archivePrefix = {arXiv},
       eprint = {2012.05363},
 primaryClass = {astro-ph.GA},
       adsurl = {https://ui.adsabs.harvard.edu/abs/2021ApJ...908...61K},
      adsnote = {Provided by the SAO/NASA Astrophysics Data System}
}

% Kewley, Nichols & Sutherland (2019)
@ARTICLE{Kewley2019,
       author = {{Kewley}, Lisa J. and {Nicholls}, David C. and {Sutherland}, Ralph S.},
        title = "{Understanding Galaxy Evolution Through Emission Lines}",
      journal = {\araa},
     keywords = {Astrophysics - Astrophysics of Galaxies},
         year = 2019,
        month = aug,
       volume = {57},
        pages = {511-570},
          doi = {10.1146/annurev-astro-081817-051832},
archivePrefix = {arXiv},
       eprint = {1910.09730},
 primaryClass = {astro-ph.GA},
       adsurl = {https://ui.adsabs.harvard.edu/abs/2019ARA&A..57..511K},
      adsnote = {Provided by the SAO/NASA Astrophysics Data System}
}

% Kirby et al. (2011)
@ARTICLE{Kirby2011,
       author = {{Kirby}, Evan N. and {Lanfranchi}, Gustavo A. and {Simon}, Joshua D. and {Cohen}, Judith G. and {Guhathakurta}, Puragra},
        title = "{Multi-element Abundance Measurements from Medium-resolution Spectra. III. Metallicity Distributions of Milky Way Dwarf Satellite Galaxies}",
      journal = {\apj},
     keywords = {galaxies: abundances, galaxies: dwarf, galaxies: evolution, Local Group, Astrophysics - Galaxy Astrophysics, Astrophysics - Cosmology and Extragalactic Astrophysics},
         year = 2011,
        month = feb,
       volume = {727},
       number = {2},
          eid = {78},
        pages = {78},
          doi = {10.1088/0004-637X/727/2/78},
archivePrefix = {arXiv},
       eprint = {1011.4937},
 primaryClass = {astro-ph.GA},
       adsurl = {https://ui.adsabs.harvard.edu/abs/2011ApJ...727...78K},
      adsnote = {Provided by the SAO/NASA Astrophysics Data System}
}

% Kirby et al. (2013)
@ARTICLE{Kirby2013,
       author = {{Kirby}, Evan N. and {Cohen}, Judith G. and {Guhathakurta}, Puragra and {Cheng}, Lucy and {Bullock}, James S. and {Gallazzi}, Anna},
        title = "{The Universal Stellar Mass-Stellar Metallicity Relation for Dwarf Galaxies}",
      journal = {\apj},
     keywords = {galaxies: abundances, galaxies: dwarf, galaxies: fundamental parameters, galaxies: irregular, Local Group, Astrophysics - Galaxy Astrophysics, Astrophysics - Cosmology and Extragalactic Astrophysics},
         year = 2013,
        month = dec,
       volume = {779},
       number = {2},
          eid = {102},
        pages = {102},
          doi = {10.1088/0004-637X/779/2/102},
archivePrefix = {arXiv},
       eprint = {1310.0814},
 primaryClass = {astro-ph.GA},
       adsurl = {https://ui.adsabs.harvard.edu/abs/2013ApJ...779..102K},
      adsnote = {Provided by the SAO/NASA Astrophysics Data System}
}

% Kobayashi, Karakas & Lugaro (2020)
@ARTICLE{Kobayashi2020,
       author = {{Kobayashi}, Chiaki and {Karakas}, Amanda I. and {Lugaro}, Maria},
        title = "{The Origin of Elements from Carbon to Uranium}",
      journal = {\apj},
     keywords = {Galaxy abundances, Stellar abundances, Chemical abundances, Stellar physics, Asymptotic giant branch stars, Core-collapse supernovae, Type Ia supernovae, Nucleosynthesis, Milky Way Galaxy, Galaxy chemical evolution, Galaxy evolution, Isotopic abundances, 574, 1577, 224, 1621, 2100, 304, 1728, 1131, 1054, 580, 594, 867, Astrophysics - Astrophysics of Galaxies, Astrophysics - High Energy Astrophysical Phenomena, Astrophysics - Solar and Stellar Astrophysics},
         year = 2020,
        month = sep,
       volume = {900},
       number = {2},
          eid = {179},
        pages = {179},
          doi = {10.3847/1538-4357/abae65},
archivePrefix = {arXiv},
       eprint = {2008.04660},
 primaryClass = {astro-ph.GA},
       adsurl = {https://ui.adsabs.harvard.edu/abs/2020ApJ...900..179K},
      adsnote = {Provided by the SAO/NASA Astrophysics Data System}
}

% Kroupa (2001) 
@ARTICLE{Kroupa2001,
       author = {{Kroupa}, Pavel},
        title = "{On the variation of the initial mass function}",
      journal = {\mnras},
     keywords = {BINARIES: GENERAL, STARS: FORMATION, STARS: KINEMATICS, STARS: LUMINOSITY FUNCTION, MASS FUNCTION, GLOBULAR CLUSTERS: GENERAL, OPEN CLUSTERS AND ASSOCIATIONS: GENERAL, Astrophysics},
         year = 2001,
        month = apr,
       volume = {322},
       number = {2},
        pages = {231-246},
          doi = {10.1046/j.1365-8711.2001.04022.x},
archivePrefix = {arXiv},
       eprint = {astro-ph/0009005},
 primaryClass = {astro-ph},
       adsurl = {https://ui.adsabs.harvard.edu/abs/2001MNRAS.322..231K},
      adsnote = {Provided by the SAO/NASA Astrophysics Data System}
}

% Kubryk, Prantzos & Athanassoula (2013)
@ARTICLE{Kubryk2013,
       author = {{Kubryk}, M. and {Prantzos}, N. and {Athanassoula}, E.},
        title = "{Radial migration in a bar-dominated disc galaxy - I. Impact on chemical evolution}",
      journal = {\mnras},
     keywords = {galaxies: abundances, galaxies: evolution, galaxies: ISM, galaxies: kinematics and dynamics},
         year = 2013,
        month = dec,
       volume = {436},
       number = {2},
        pages = {1479-1491},
          doi = {10.1093/mnras/stt1667},
       adsurl = {https://ui.adsabs.harvard.edu/abs/2013MNRAS.436.1479K},
      adsnote = {Provided by the SAO/NASA Astrophysics Data System}
}

% Lacey & Fall (1985)
@ARTICLE{Lacey1985,
       author = {{Lacey}, C.~G. and {Fall}, S.~M.},
        title = "{Chemical evolution of the galactic disk with radial gas flows.}",
      journal = {\apj},
     keywords = {Cosmochemistry, Galactic Evolution, Interstellar Gas, Milky Way Galaxy, Abundance, Gas Flow, Radial Flow, Star Formation Rate, Stellar Evolution, Stellar Structure, Astrophysics},
         year = 1985,
        month = mar,
       volume = {290},
        pages = {154-170},
          doi = {10.1086/162970},
       adsurl = {https://ui.adsabs.harvard.edu/abs/1985ApJ...290..154L},
      adsnote = {Provided by the SAO/NASA Astrophysics Data System}
}

% Larson (1972)
@ARTICLE{Larson1972,
       author = {{Larson}, Richard B.},
        title = "{Effect of Infalling Matter on the Heavy Element Content of a Galaxy}",
      journal = {Nature Physical Science},
         year = 1972,
        month = mar,
       volume = {236},
       number = {62},
        pages = {7-8},
          doi = {10.1038/physci236007a0},
       adsurl = {https://ui.adsabs.harvard.edu/abs/1972NPhS..236....7L},
      adsnote = {Provided by the SAO/NASA Astrophysics Data System}
}

% Larson (1974) 
@ARTICLE{Larson1974,
       author = {{Larson}, Richard B.},
        title = "{Dynamical models for the formation and evolution of spherical galaxies}",
      journal = {\mnras},
         year = 1974,
        month = mar,
       volume = {166},
        pages = {585-616},
          doi = {10.1093/mnras/166.3.585},
       adsurl = {https://ui.adsabs.harvard.edu/abs/1974MNRAS.166..585L},
      adsnote = {Provided by the SAO/NASA Astrophysics Data System}
}


% Leroy et al. (2008)
@ARTICLE{Leroy2008,
       author = {{Leroy}, Adam K. and {Walter}, Fabian and {Brinks}, Elias and {Bigiel}, Frank and {de Blok}, W.~J.~G. and {Madore}, Barry and {Thornley}, M.~D.},
        title = "{The Star Formation Efficiency in Nearby Galaxies: Measuring Where Gas Forms Stars Effectively}",
      journal = {\aj},
     keywords = {galaxies: evolution, galaxies: ISM, radio lines: galaxies, stars: formation, Astrophysics},
         year = 2008,
        month = dec,
       volume = {136},
       number = {6},
        pages = {2782-2845},
          doi = {10.1088/0004-6256/136/6/2782},
archivePrefix = {arXiv},
       eprint = {0810.2556},
 primaryClass = {astro-ph},
       adsurl = {https://ui.adsabs.harvard.edu/abs/2008AJ....136.2782L},
      adsnote = {Provided by the SAO/NASA Astrophysics Data System}
}

% Li et al. (2020)
@ARTICLE{Li2020,
       author = {{Li}, Hui and {Vogelsberger}, Mark and {Marinacci}, Federico and {Sales}, Laura V. and {Torrey}, Paul},
        title = "{The effects of subgrid models on the properties of giant molecular clouds in galaxy formation simulations}",
      journal = {\mnras},
     keywords = {methods: numerical, ISM: clouds, galaxies: evolution, galaxies: ISM, galaxies: structure, Astrophysics - Astrophysics of Galaxies},
         year = 2020,
        month = dec,
       volume = {499},
       number = {4},
        pages = {5862-5872},
          doi = {10.1093/mnras/staa3122},
archivePrefix = {arXiv},
       eprint = {2001.07214},
 primaryClass = {astro-ph.GA},
       adsurl = {https://ui.adsabs.harvard.edu/abs/2020MNRAS.499.5862L},
      adsnote = {Provided by the SAO/NASA Astrophysics Data System}
}

% Lian et al. (2018)
@ARTICLE{Lian2018,
       author = {{Lian}, Jianhui and {Thomas}, Daniel and {Maraston}, Claudia and {Goddard}, Daniel and {Comparat}, Johan and {Gonzalez-Perez}, Violeta and {Ventura}, Paolo},
        title = "{The mass-metallicity relations for gas and stars in star-forming galaxies: strong outflow versus variable IMF}",
      journal = {\mnras},
     keywords = {galaxies: evolution, galaxies: fundamental parameters, galaxies: star formation, galaxies: stellar content, Astrophysics - Astrophysics of Galaxies, Astrophysics - Cosmology and Nongalactic Astrophysics},
         year = 2018,
        month = feb,
       volume = {474},
       number = {1},
        pages = {1143-1164},
          doi = {10.1093/mnras/stx2829},
archivePrefix = {arXiv},
       eprint = {1710.11135},
 primaryClass = {astro-ph.GA},
       adsurl = {https://ui.adsabs.harvard.edu/abs/2018MNRAS.474.1143L},
      adsnote = {Provided by the SAO/NASA Astrophysics Data System}
}

% Lian et al. (2020)
@ARTICLE{Lian2020,
       author = {{Lian}, Jianhui and {Thomas}, Daniel and {Maraston}, Claudia and {Zamora}, Olga and {Tayar}, Jamie and {Pan}, Kaike and {Tissera}, Patricia and {Fern{\'a}ndez-Trincado}, Jos{\'e} G. and {Garcia-Hernandez}, D.~A.},
        title = "{The age-chemical abundance structure of the Galaxy I: evidence for a late-accretion event in the outer disc at z {\ensuremath{\sim}} 0.6}",
      journal = {\mnras},
     keywords = {Galaxy: abundances, Galaxy: disc, Galaxy: evolution, Galaxy: formation, Galaxy: stellar content, Astrophysics - Astrophysics of Galaxies, Astrophysics - Solar and Stellar Astrophysics},
         year = 2020,
        month = may,
       volume = {494},
       number = {2},
        pages = {2561-2575},
          doi = {10.1093/mnras/staa867},
archivePrefix = {arXiv},
       eprint = {2003.11549},
 primaryClass = {astro-ph.GA},
       adsurl = {https://ui.adsabs.harvard.edu/abs/2020MNRAS.494.2561L},
      adsnote = {Provided by the SAO/NASA Astrophysics Data System}
}

% Limongi & Chieffi (2018) 
@ARTICLE{Limongi2018,
       author = {{Limongi}, Marco and {Chieffi}, Alessandro},
        title = "{Presupernova Evolution and Explosive Nucleosynthesis of Rotating Massive Stars in the Metallicity Range -3 {\ensuremath{\leq}} [Fe/H] {\ensuremath{\leq}} 0}",
      journal = {\apjs},
     keywords = {stars: evolution, stars: interiors, stars: massive, stars: rotation, supernovae: general, Astrophysics - Solar and Stellar Astrophysics, Astrophysics - High Energy Astrophysical Phenomena},
         year = 2018,
        month = jul,
       volume = {237},
       number = {1},
          eid = {13},
        pages = {13},
          doi = {10.3847/1538-4365/aacb24},
archivePrefix = {arXiv},
       eprint = {1805.09640},
 primaryClass = {astro-ph.SR},
       adsurl = {https://ui.adsabs.harvard.edu/abs/2018ApJS..237...13L},
      adsnote = {Provided by the SAO/NASA Astrophysics Data System}
}

% Linsky et al. (2006)
@ARTICLE{Linsky2006,
       author = {{Linsky}, Jeffrey L. and {Draine}, Bruce T. and {Moos}, H.~W. and {Jenkins}, Edward B. and {Wood}, Brian E. and {Oliveira}, Cristina and {Blair}, William P. and {Friedman}, Scott D. and {Gry}, Cecile and {Knauth}, David and {Kruk}, Jeffrey W. and {Lacour}, Sylvestre and {Lehner}, Nicolas and {Redfield}, Seth and {Shull}, J. Michael and {Sonneborn}, George and {Williger}, Gerard M.},
        title = "{What Is the Total Deuterium Abundance in the Local Galactic Disk?}",
      journal = {\apj},
     keywords = {Galaxy: Abundances, ISM: Abundances, ISM: Structure, Galaxy: Solar Neighborhood, Ultraviolet: ISM, Astrophysics},
         year = 2006,
        month = aug,
       volume = {647},
       number = {2},
        pages = {1106-1124},
          doi = {10.1086/505556},
archivePrefix = {arXiv},
       eprint = {astro-ph/0608308},
 primaryClass = {astro-ph},
       adsurl = {https://ui.adsabs.harvard.edu/abs/2006ApJ...647.1106L},
      adsnote = {Provided by the SAO/NASA Astrophysics Data System}
}

% Liu et al. (2016a)
@ARTICLE{Liu2016a,
       author = {{Liu}, F. and {Yong}, D. and {Asplund}, M. and {Ram{\'\i}rez}, I. and {Mel{\'e}ndez}, J.},
        title = "{The Hyades open cluster is chemically inhomogeneous}",
      journal = {\mnras},
     keywords = {planets and satellites: formation, stars: abundances, stars: atmospheres, open clusters and associations: individual: the Hyades, Astrophysics - Solar and Stellar Astrophysics},
         year = 2016,
        month = apr,
       volume = {457},
       number = {4},
        pages = {3934-3948},
          doi = {10.1093/mnras/stw247},
archivePrefix = {arXiv},
       eprint = {1601.07354},
 primaryClass = {astro-ph.SR},
       adsurl = {https://ui.adsabs.harvard.edu/abs/2016MNRAS.457.3934L},
      adsnote = {Provided by the SAO/NASA Astrophysics Data System}
}

% Liu et al. (2016b)
@ARTICLE{Liu2016b,
       author = {{Liu}, F. and {Asplund}, M. and {Yong}, D. and {Mel{\'e}ndez}, J. and {Ram{\'\i}rez}, I. and {Karakas}, A.~I. and {Carlos}, M. and {Marino}, A.~F.},
        title = "{The chemical compositions of solar twins in the open cluster M67}",
      journal = {\mnras},
     keywords = {stars: abundances, stars: atmospheres, open clusters and associations: individual: NGC 2682 (M67), Astrophysics - Solar and Stellar Astrophysics},
         year = 2016,
        month = nov,
       volume = {463},
       number = {1},
        pages = {696-704},
          doi = {10.1093/mnras/stw2045},
archivePrefix = {arXiv},
       eprint = {1608.03788},
 primaryClass = {astro-ph.SR},
       adsurl = {https://ui.adsabs.harvard.edu/abs/2016MNRAS.463..696L},
      adsnote = {Provided by the SAO/NASA Astrophysics Data System}
}

% Liu et al. (2019)
@ARTICLE{Liu2019,
       author = {{Liu}, F. and {Asplund}, M. and {Yong}, D. and {Feltzing}, S. and {Dotter}, A. and {Mel{\'e}ndez}, J. and {Ram{\'\i}rez}, I.},
        title = "{Chemical (in)homogeneity and atomic diffusion in the open cluster M 67}",
      journal = {\aap},
     keywords = {stars: abundances, stars: atmospheres, stars: evolution, open clusters and associations: individual: NGC 2682, Astrophysics - Solar and Stellar Astrophysics},
         year = 2019,
        month = jul,
       volume = {627},
          eid = {A117},
        pages = {A117},
          doi = {10.1051/0004-6361/201935306},
archivePrefix = {arXiv},
       eprint = {1902.11008},
 primaryClass = {astro-ph.SR},
       adsurl = {https://ui.adsabs.harvard.edu/abs/2019A&A...627A.117L},
      adsnote = {Provided by the SAO/NASA Astrophysics Data System}
}

% Loebman et al. (2011)
@ARTICLE{Loebman2011,
       author = {{Loebman}, Sarah R. and {Ro{\v{s}}kar}, Rok and {Debattista}, Victor P. and {Ivezi{\'c}}, {\v{Z}}eljko and {Quinn}, Thomas R. and {Wadsley}, James},
        title = "{The Genesis of the Milky Way's Thick Disk Via Stellar Migration}",
      journal = {\apj},
     keywords = {galaxies: spiral, Galaxy: evolution, Galaxy: kinematics and dynamics, Galaxy: stellar content, Galaxy: structure, solar neighborhood, Astrophysics - Astrophysics of Galaxies},
         year = 2011,
        month = aug,
       volume = {737},
       number = {1},
          eid = {8},
        pages = {8},
          doi = {10.1088/0004-637X/737/1/8},
archivePrefix = {arXiv},
       eprint = {1009.5997},
 primaryClass = {astro-ph.GA},
       adsurl = {https://ui.adsabs.harvard.edu/abs/2011ApJ...737....8L},
      adsnote = {Provided by the SAO/NASA Astrophysics Data System}
}

% Lopez et al. (2020)
@ARTICLE{Lopez2020,
       author = {{Lopez}, Laura A. and {Mathur}, Smita and {Nguyen}, Dustin D. and {Thompson}, Todd A. and {Olivier}, Grace M.},
        title = "{Temperature and Metallicity Gradients in the Hot Gas Outflows of M82}",
      journal = {\apj},
     keywords = {Starburst galaxies, Galactic winds, 1570, 572, Astrophysics - High Energy Astrophysical Phenomena, Astrophysics - Astrophysics of Galaxies},
         year = 2020,
        month = dec,
       volume = {904},
       number = {2},
          eid = {152},
        pages = {152},
          doi = {10.3847/1538-4357/abc010},
archivePrefix = {arXiv},
       eprint = {2006.08623},
 primaryClass = {astro-ph.HE},
       adsurl = {https://ui.adsabs.harvard.edu/abs/2020ApJ...904..152L},
      adsnote = {Provided by the SAO/NASA Astrophysics Data System}
}

% Mackereth et al. (2019)
@ARTICLE{Mackereth2019,
       author = {{Mackereth}, J. Ted and {Schiavon}, Ricardo P. and {Pfeffer}, Joel and {Hayes}, Christian R. and {Bovy}, Jo and {Anguiano}, Borja and {Allende Prieto}, Carlos and {Hasselquist}, Sten and {Holtzman}, Jon and {Johnson}, Jennifer A. and {Majewski}, Steven R. and {O'Connell}, Robert and {Shetrone}, Matthew and {Tissera}, Patricia B. and {Fern{\'a}ndez-Trincado}, J.~G.},
        title = "{The origin of accreted stellar halo populations in the Milky Way using APOGEE, Gaia, and the EAGLE simulations}",
      journal = {\mnras},
     keywords = {Galaxy: abundances, Galaxy: formation, Galaxy: halo, Galaxy: kinematics and dynamics, Galaxy: stellar content, Astrophysics - Astrophysics of Galaxies},
         year = 2019,
        month = jan,
       volume = {482},
       number = {3},
        pages = {3426-3442},
          doi = {10.1093/mnras/sty2955},
archivePrefix = {arXiv},
       eprint = {1808.00968},
 primaryClass = {astro-ph.GA},
       adsurl = {https://ui.adsabs.harvard.edu/abs/2019MNRAS.482.3426M},
      adsnote = {Provided by the SAO/NASA Astrophysics Data System}
}

% Madau & Dickinson (2014)
@ARTICLE{Madau2014,
       author = {{Madau}, Piero and {Dickinson}, Mark},
        title = "{Cosmic Star-Formation History}",
      journal = {\araa},
     keywords = {Astrophysics - Cosmology and Nongalactic Astrophysics},
         year = 2014,
        month = aug,
       volume = {52},
        pages = {415-486},
          doi = {10.1146/annurev-astro-081811-125615},
archivePrefix = {arXiv},
       eprint = {1403.0007},
 primaryClass = {astro-ph.CO},
       adsurl = {https://ui.adsabs.harvard.edu/abs/2014ARA&A..52..415M},
      adsnote = {Provided by the SAO/NASA Astrophysics Data System}
}

% Madau & Fragos (2017)
@ARTICLE{Madau2017,
       author = {{Madau}, Piero and {Fragos}, Tassos},
        title = "{Radiation Backgrounds at Cosmic Dawn: X-Rays from Compact Binaries}",
      journal = {\apj},
     keywords = {dark ages, reionization, first stars, diffuse radiation, intergalactic medium, X-rays: binaries, Astrophysics - Astrophysics of Galaxies, Astrophysics - Cosmology and Nongalactic Astrophysics},
         year = 2017,
        month = may,
       volume = {840},
       number = {1},
          eid = {39},
        pages = {39},
          doi = {10.3847/1538-4357/aa6af9},
archivePrefix = {arXiv},
       eprint = {1606.07887},
 primaryClass = {astro-ph.GA},
       adsurl = {https://ui.adsabs.harvard.edu/abs/2017ApJ...840...39M},
      adsnote = {Provided by the SAO/NASA Astrophysics Data System}
}

% Maeder & Meynet (1989) 
@ARTICLE{Maeder1989,
       author = {{Maeder}, A. and {Meynet}, G.},
        title = "{Grids of evolutionary models from 0.85 to 120M : observational tests and the mass limits.}",
      journal = {\aap},
     keywords = {Computational Astrophysics, Stellar Evolution, Stellar Mass, Stellar Models, Abundance, Hertzsprung-Russell Diagram, Mass To Light Ratios, Stellar Magnitude, Stellar Structure, Astrophysics},
         year = 1989,
        month = feb,
       volume = {210},
        pages = {155-173},
       adsurl = {https://ui.adsabs.harvard.edu/abs/1989A&A...210..155M},
      adsnote = {Provided by the SAO/NASA Astrophysics Data System}
}

% Maiolino & Mannucci (2019)
@ARTICLE{Maiolino2019,
       author = {{Maiolino}, R. and {Mannucci}, F.},
        title = "{De re metallica: the cosmic chemical evolution of galaxies}",
      journal = {\aapr},
     keywords = {Galaxy metallicity, Chemical abundances, Galaxy evolution, Galaxy formation, Astrophysics - Astrophysics of Galaxies},
         year = 2019,
        month = feb,
       volume = {27},
       number = {1},
          eid = {3},
        pages = {3},
          doi = {10.1007/s00159-018-0112-2},
archivePrefix = {arXiv},
       eprint = {1811.09642},
 primaryClass = {astro-ph.GA},
       adsurl = {https://ui.adsabs.harvard.edu/abs/2019A&ARv..27....3M},
      adsnote = {Provided by the SAO/NASA Astrophysics Data System}
}

% Majewski et al. (2017)
@ARTICLE{Majewski2017,
       author = {{Majewski}, Steven R. and {Schiavon}, Ricardo P. and {Frinchaboy}, Peter M. and {Allende Prieto}, Carlos and {Barkhouser}, Robert and {Bizyaev}, Dmitry and {Blank}, Basil and {Brunner}, Sophia and {Burton}, Adam and {Carrera}, Ricardo and {Chojnowski}, S. Drew and {Cunha}, K{\'a}tia and {Epstein}, Courtney and {Fitzgerald}, Greg and {Garc{\'\i}a P{\'e}rez}, Ana E. and {Hearty}, Fred R. and {Henderson}, Chuck and {Holtzman}, Jon A. and {Johnson}, Jennifer A. and {Lam}, Charles R. and {Lawler}, James E. and {Maseman}, Paul and {M{\'e}sz{\'a}ros}, Szabolcs and {Nelson}, Matthew and {Nguyen}, Duy Coung and {Nidever}, David L. and {Pinsonneault}, Marc and {Shetrone}, Matthew and {Smee}, Stephen and {Smith}, Verne V. and {Stolberg}, Todd and {Skrutskie}, Michael F. and {Walker}, Eric and {Wilson}, John C. and {Zasowski}, Gail and {Anders}, Friedrich and {Basu}, Sarbani and {Beland}, Stephane and {Blanton}, Michael R. and {Bovy}, Jo and {Brownstein}, Joel R. and {Carlberg}, Joleen and {Chaplin}, William and {Chiappini}, Cristina and {Eisenstein}, Daniel J. and {Elsworth}, Yvonne and {Feuillet}, Diane and {Fleming}, Scott W. and {Galbraith-Frew}, Jessica and {Garc{\'\i}a}, Rafael A. and {Garc{\'\i}a-Hern{\'a}ndez}, D. An{\'\i}bal and {Gillespie}, Bruce A. and {Girardi}, L{\'e}o and {Gunn}, James E. and {Hasselquist}, Sten and {Hayden}, Michael R. and {Hekker}, Saskia and {Ivans}, Inese and {Kinemuchi}, Karen and {Klaene}, Mark and {Mahadevan}, Suvrath and {Mathur}, Savita and {Mosser}, Beno{\^\i}t and {Muna}, Demitri and {Munn}, Jeffrey A. and {Nichol}, Robert C. and {O'Connell}, Robert W. and {Parejko}, John K. and {Robin}, A.~C. and {Rocha-Pinto}, Helio and {Schultheis}, Matthias and {Serenelli}, Aldo M. and {Shane}, Neville and {Silva Aguirre}, Victor and {Sobeck}, Jennifer S. and {Thompson}, Benjamin and {Troup}, Nicholas W. and {Weinberg}, David H. and {Zamora}, Olga},
        title = "{The Apache Point Observatory Galactic Evolution Experiment (APOGEE)}",
      journal = {\aj},
     keywords = {Galaxy: abundances, Galaxy: evolution, Galaxy: formation, Galaxy: kinematics and dynamics, Galaxy: stellar content, Galaxy: structure, Astrophysics - Instrumentation and Methods for Astrophysics, Astrophysics - Astrophysics of Galaxies},
         year = 2017,
        month = sep,
       volume = {154},
       number = {3},
          eid = {94},
        pages = {94},
          doi = {10.3847/1538-3881/aa784d},
archivePrefix = {arXiv},
       eprint = {1509.05420},
 primaryClass = {astro-ph.IM},
       adsurl = {https://ui.adsabs.harvard.edu/abs/2017AJ....154...94M},
      adsnote = {Provided by the SAO/NASA Astrophysics Data System}
}

% Maoz & Mannucci (2012)
@ARTICLE{Maoz2012a,
       author = {{Maoz}, D. and {Mannucci}, F.},
        title = "{Type-Ia Supernova Rates and the Progenitor Problem: A Review}",
      journal = {\pasa},
     keywords = {supernovae: white dwarfs, Astrophysics - Cosmology and Nongalactic Astrophysics},
         year = 2012,
        month = jan,
       volume = {29},
       number = {4},
        pages = {447-465},
          doi = {10.1071/AS11052},
archivePrefix = {arXiv},
       eprint = {1111.4492},
 primaryClass = {astro-ph.CO},
       adsurl = {https://ui.adsabs.harvard.edu/abs/2012PASA...29..447M},
      adsnote = {Provided by the SAO/NASA Astrophysics Data System}
}

% Maoz, Mannucci & Brandt (2012)
@ARTICLE{Maoz2012b,
       author = {{Maoz}, Dan and {Mannucci}, Filippo and {Brandt}, Timothy D.},
        title = "{The delay-time distribution of Type Ia supernovae from Sloan II}",
      journal = {\mnras},
     keywords = {methods: data analysis, supernovae: general, galaxies: star formation, Astrophysics - Cosmology and Nongalactic Astrophysics},
         year = 2012,
        month = nov,
       volume = {426},
       number = {4},
        pages = {3282-3294},
          doi = {10.1111/j.1365-2966.2012.21871.x},
archivePrefix = {arXiv},
       eprint = {1206.0465},
 primaryClass = {astro-ph.CO},
       adsurl = {https://ui.adsabs.harvard.edu/abs/2012MNRAS.426.3282M},
      adsnote = {Provided by the SAO/NASA Astrophysics Data System}
}

% Martell et al. (2017)
@ARTICLE{Martell2017,
       author = {{Martell}, S.~L. and {Sharma}, S. and {Buder}, S. and {Duong}, L. and {Schlesinger}, K.~J. and {Simpson}, J. and {Lind}, K. and {Ness}, M. and {Marshall}, J.~P. and {Asplund}, M. and {Bland-Hawthorn}, J. and {Casey}, A.~R. and {De Silva}, G. and {Freeman}, K.~C. and {Kos}, J. and {Lin}, J. and {Zucker}, D.~B. and {Zwitter}, T. and {Anguiano}, B. and {Bacigalupo}, C. and {Carollo}, D. and {Casagrande}, L. and {Da Costa}, G.~S. and {Horner}, J. and {Huber}, D. and {Hyde}, E.~A. and {Kafle}, P.~R. and {Lewis}, G.~F. and {Nataf}, D. and {Navin}, C.~A. and {Stello}, D. and {Tinney}, C.~G. and {Watson}, F.~G. and {Wittenmyer}, R.},
        title = "{The GALAH survey: observational overview and Gaia DR1 companion}",
      journal = {\mnras},
     keywords = {stars: abundances, Galaxy: disc, Galaxy: evolution, Galaxy: formation, Galaxy: stellar content, Astrophysics - Instrumentation and Methods for Astrophysics, Astrophysics - Astrophysics of Galaxies, Astrophysics - Solar and Stellar Astrophysics},
         year = 2017,
        month = mar,
       volume = {465},
       number = {3},
        pages = {3203-3219},
          doi = {10.1093/mnras/stw2835},
archivePrefix = {arXiv},
       eprint = {1609.02822},
 primaryClass = {astro-ph.IM},
       adsurl = {https://ui.adsabs.harvard.edu/abs/2017MNRAS.465.3203M},
      adsnote = {Provided by the SAO/NASA Astrophysics Data System}
}

% Matteucci (2012)
@BOOK{Matteucci2012,
       author = {{Matteucci}, Francesca},
        title = "{Chemical Evolution of Galaxies}",
         year = 2012,
          doi = {10.1007/978-3-642-22491-1},
       adsurl = {https://ui.adsabs.harvard.edu/abs/2012ceg..book.....M},
      adsnote = {Provided by the SAO/NASA Astrophysics Data System}
}

% Matteucci (2021)
@ARTICLE{Matteucci2021,
       author = {{Matteucci}, Francesca},
        title = "{Modelling the chemical evolution of the Milky Way}",
      journal = {\aapr},
     keywords = {The Galaxy, Chemical evolution, Chemical abundances, Astrophysics - Astrophysics of Galaxies},
         year = 2021,
        month = dec,
       volume = {29},
       number = {1},
          eid = {5},
        pages = {5},
          doi = {10.1007/s00159-021-00133-8},
archivePrefix = {arXiv},
       eprint = {2106.13145},
 primaryClass = {astro-ph.GA},
       adsurl = {https://ui.adsabs.harvard.edu/abs/2021A&ARv..29....5M},
      adsnote = {Provided by the SAO/NASA Astrophysics Data System}
}

% Melendez et al. (2009)
@ARTICLE{Melendez2009,
       author = {{Mel{\'e}ndez}, J. and {Asplund}, M. and {Gustafsson}, B. and {Yong}, D.},
        title = "{The Peculiar Solar Composition and Its Possible Relation to Planet Formation}",
      journal = {\apjl},
     keywords = {planetary systems, solar system: formation, stars: abundances, Sun: abundances, Astrophysics - Solar and Stellar Astrophysics, Astrophysics - Earth and Planetary Astrophysics},
         year = 2009,
        month = oct,
       volume = {704},
       number = {1},
        pages = {L66-L70},
          doi = {10.1088/0004-637X/704/1/L66},
archivePrefix = {arXiv},
       eprint = {0909.2299},
 primaryClass = {astro-ph.SR},
       adsurl = {https://ui.adsabs.harvard.edu/abs/2009ApJ...704L..66M},
      adsnote = {Provided by the SAO/NASA Astrophysics Data System}
}

% Melioli et al. (2008)
@ARTICLE{Melioli2008,
       author = {{Melioli}, C. and {Brighenti}, F. and {D'Ercole}, A. and {de Gouveia Dal Pino}, E.~M.},
        title = "{Hydrodynamical simulations of Galactic fountains - I. Evolution of single fountains}",
      journal = {\mnras},
     keywords = {hydrodynamics, methods: numerical, ISM: bubbles, ISM: clouds, Galaxy: disc, Galaxy: general, Astrophysics},
         year = 2008,
        month = aug,
       volume = {388},
       number = {2},
        pages = {573-586},
          doi = {10.1111/j.1365-2966.2008.13446.x},
archivePrefix = {arXiv},
       eprint = {0805.1138},
 primaryClass = {astro-ph},
       adsurl = {https://ui.adsabs.harvard.edu/abs/2008MNRAS.388..573M},
      adsnote = {Provided by the SAO/NASA Astrophysics Data System}
}

% Melioli et al. (2009)
@ARTICLE{Melioli2009,
       author = {{Melioli}, C. and {Brighenti}, F. and {D'Ercole}, A. and {de Gouveia Dal Pino}, E.~M.},
        title = "{Hydrodynamical simulations of Galactic fountains - II. Evolution of multiple fountains}",
      journal = {\mnras},
     keywords = {hydrodynamics, methods: numerical, ISM: bubbles, ISM: clouds, Galaxy: disc, Galaxy: general, Astrophysics - Astrophysics of Galaxies},
         year = 2009,
        month = nov,
       volume = {399},
       number = {3},
        pages = {1089-1105},
          doi = {10.1111/j.1365-2966.2009.14725.x},
archivePrefix = {arXiv},
       eprint = {0903.0720},
 primaryClass = {astro-ph.GA},
       adsurl = {https://ui.adsabs.harvard.edu/abs/2009MNRAS.399.1089M},
      adsnote = {Provided by the SAO/NASA Astrophysics Data System}
}

% Miller & Scalo (1979)
@ARTICLE{Miller1979,
       author = {{Miller}, G.~E. and {Scalo}, J.~M.},
        title = "{The Initial Mass Function and Stellar Birthrate in the Solar Neighborhood}",
      journal = {\apjs},
     keywords = {Cosmology, Solar System, Stellar Evolution, Stellar Mass, Gas Density, Main Sequence Stars, Milky Way Galaxy, Nuclear Fusion, Planetary Nebulae, Stellar Luminosity, Stellar Mass Accretion, Stellar Mass Ejection, Supernovae, White Dwarf Stars, Astrophysics},
         year = 1979,
        month = nov,
       volume = {41},
        pages = {513},
          doi = {10.1086/190629},
       adsurl = {https://ui.adsabs.harvard.edu/abs/1979ApJS...41..513M},
      adsnote = {Provided by the SAO/NASA Astrophysics Data System}
}

% Minchev et al. (2011) 
@ARTICLE{Minchev2011,
       author = {{Minchev}, I. and {Famaey}, B. and {Combes}, F. and {Di Matteo}, P. and {Mouhcine}, M. and {Wozniak}, H.},
        title = "{Radial migration in galactic disks caused by resonance overlap of multiple patterns: Self-consistent simulations}",
      journal = {\aap},
     keywords = {galaxies: evolution, galaxies: kinematics and dynamics, galaxies: abundances, galaxies: spiral, Astrophysics - Astrophysics of Galaxies, Astrophysics - Cosmology and Nongalactic Astrophysics},
         year = 2011,
        month = mar,
       volume = {527},
          eid = {A147},
        pages = {A147},
          doi = {10.1051/0004-6361/201015139},
archivePrefix = {arXiv},
       eprint = {1006.0484},
 primaryClass = {astro-ph.GA},
       adsurl = {https://ui.adsabs.harvard.edu/abs/2011A&A...527A.147M},
      adsnote = {Provided by the SAO/NASA Astrophysics Data System}
}

% Minchev et al. (2013) 
@ARTICLE{Minchev2013,
       author = {{Minchev}, I. and {Chiappini}, C. and {Martig}, M.},
        title = "{Chemodynamical evolution of the Milky Way disk. I. The solar vicinity}",
      journal = {\aap},
     keywords = {Galaxy: kinematics and dynamics, galaxies: evolution, Galaxy: evolution, Galaxy: abundances, solar neighborhood, Galaxy: formation, Astrophysics - Astrophysics of Galaxies, Astrophysics - Cosmology and Nongalactic Astrophysics},
         year = 2013,
        month = oct,
       volume = {558},
          eid = {A9},
        pages = {A9},
          doi = {10.1051/0004-6361/201220189},
archivePrefix = {arXiv},
       eprint = {1208.1506},
 primaryClass = {astro-ph.GA},
       adsurl = {https://ui.adsabs.harvard.edu/abs/2013A&A...558A...9M},
      adsnote = {Provided by the SAO/NASA Astrophysics Data System}
}

% Minchev et al. (2014) 
@ARTICLE{Minchev2014,
       author = {{Minchev}, I. and {Chiappini}, C. and {Martig}, M.},
        title = "{Chemodynamical evolution of the Milky Way disk. II. Variations with Galactic radius and height above the disk plane}",
      journal = {\aap},
     keywords = {Galaxy: kinematics and dynamics, galaxies: evolution, Galaxy: abundances, Galaxy: formation, Galaxy: evolution, Galaxy: disk, Astrophysics - Astrophysics of Galaxies, Astrophysics - Cosmology and Nongalactic Astrophysics},
         year = 2014,
        month = dec,
       volume = {572},
          eid = {A92},
        pages = {A92},
          doi = {10.1051/0004-6361/201423487},
archivePrefix = {arXiv},
       eprint = {1401.5796},
 primaryClass = {astro-ph.GA},
       adsurl = {https://ui.adsabs.harvard.edu/abs/2014A&A...572A..92M},
      adsnote = {Provided by the SAO/NASA Astrophysics Data System}
}

% Minchev et al. (2017) 
@ARTICLE{Minchev2017,
       author = {{Minchev}, I. and {Steinmetz}, M. and {Chiappini}, C. and {Martig}, M. and
         {Anders}, F. and {Matijevic}, G. and {de Jong}, R.~S.},
        title = "{The Relationship between Mono-abundance and Mono-age Stellar Populations in the Milky Way Disk}",
      journal = {\apj},
     keywords = {galaxies: formation, galaxies: kinematics and dynamics, galaxies: structure, Galaxy: abundances, Galaxy: disk, Galaxy: evolution, Astrophysics - Astrophysics of Galaxies},
         year = 2017,
        month = jan,
       volume = {834},
       number = {1},
          eid = {27},
        pages = {27},
          doi = {10.3847/1538-4357/834/1/27},
archivePrefix = {arXiv},
       eprint = {1608.04737},
 primaryClass = {astro-ph.GA},
       adsurl = {https://ui.adsabs.harvard.edu/abs/2017ApJ...834...27M},
      adsnote = {Provided by the SAO/NASA Astrophysics Data System}
}

% Cargile et al. (2020)
@ARTICLE{Cargile2020,
       author = {{Cargile}, Phillip A. and {Conroy}, Charlie and {Johnson}, Benjamin D. and {Ting}, Yuan-Sen and {Bonaca}, Ana and {Dotter}, Aaron and {Speagle}, Joshua S.},
        title = "{MINESweeper: Spectrophotometric Modeling of Stars in the Gaia Era}",
      journal = {\apj},
     keywords = {Stellar physics, Stellar properties, Stellar spectral lines, Stellar effective temperatures, Stellar colors, Stellar ages, Stellar luminosities, Stellar masses, Stellar radii, Stellar abundances, Stellar distance, Stellar evolutionary models, 1621, 1624, 1630, 1597, 1590, 1581, 1609, 1614, 1626, 1577, 1595, 2046, Astrophysics - Solar and Stellar Astrophysics, Astrophysics - Astrophysics of Galaxies},
         year = 2020,
        month = sep,
       volume = {900},
       number = {1},
          eid = {28},
        pages = {28},
          doi = {10.3847/1538-4357/aba43b},
archivePrefix = {arXiv},
       eprint = {1907.07690},
 primaryClass = {astro-ph.SR},
       adsurl = {https://ui.adsabs.harvard.edu/abs/2020ApJ...900...28C},
      adsnote = {Provided by the SAO/NASA Astrophysics Data System}
}

% Monelli et al. (2010a)
@ARTICLE{Monelli2010a,
       author = {{Monelli}, M. and {Hidalgo}, S.~L. and {Stetson}, P.~B. and {Aparicio}, A. and {Gallart}, C. and {Dolphin}, A.~E. and {Cole}, A.~A. and {Weisz}, D.~R. and {Skillman}, E.~D. and {Bernard}, E.~J. and {Mayer}, L. and {Navarro}, J.~F. and {Cassisi}, S. and {Drozdovsky}, I. and {Tolstoy}, E.},
        title = "{The ACS LCID Project. III. The Star Formation History of the Cetus dSph Galaxy: A Post-reionization Fossil}",
      journal = {\apj},
     keywords = {galaxies: evolution, galaxies: individual: Cetus, galaxies: photometry, galaxies: stellar content, Astrophysics - Cosmology and Nongalactic Astrophysics},
         year = 2010,
        month = sep,
       volume = {720},
       number = {2},
        pages = {1225-1245},
          doi = {10.1088/0004-637X/720/2/1225},
archivePrefix = {arXiv},
       eprint = {1002.4300},
 primaryClass = {astro-ph.CO},
       adsurl = {https://ui.adsabs.harvard.edu/abs/2010ApJ...720.1225M},
      adsnote = {Provided by the SAO/NASA Astrophysics Data System}
}

% Monelli et al. (2010b)
@ARTICLE{Monelli2010b,
       author = {{Monelli}, M. and {Gallart}, C. and {Hidalgo}, S.~L. and {Aparicio}, A. and {Skillman}, E.~D. and {Cole}, A.~A. and {Weisz}, D.~R. and {Mayer}, L. and {Bernard}, E.~J. and {Cassisi}, S. and {Dolphin}, A.~E. and {Drozdovsky}, I. and {Stetson}, P.~B.},
        title = "{The ACS LCID Project. VI. The Star Formation History of The Tucana dSph and The Relative Ages of the Isolated dSph Galaxies}",
      journal = {\apj},
     keywords = {galaxies: evolution, galaxies: individual: Tucana dSph, galaxies: photometry, Galaxy: stellar content, Local Group, Astrophysics - Cosmology and Nongalactic Astrophysics},
         year = 2010,
        month = oct,
       volume = {722},
       number = {2},
        pages = {1864-1878},
          doi = {10.1088/0004-637X/722/2/1864},
archivePrefix = {arXiv},
       eprint = {1010.2982},
 primaryClass = {astro-ph.CO},
       adsurl = {https://ui.adsabs.harvard.edu/abs/2010ApJ...722.1864M},
      adsnote = {Provided by the SAO/NASA Astrophysics Data System}
}

% Myeong et al. (2018)
@ARTICLE{Myeong2018,
       author = {{Myeong}, G.~C. and {Evans}, N.~W. and {Belokurov}, V. and {Sanders}, J.~L. and {Koposov}, S.~E.},
        title = "{The Sausage Globular Clusters}",
      journal = {\apjl},
     keywords = {galaxies: kinematics and dynamics, galaxies: structure, Astrophysics - Astrophysics of Galaxies, Astrophysics - Cosmology and Nongalactic Astrophysics},
         year = 2018,
        month = aug,
       volume = {863},
       number = {2},
          eid = {L28},
        pages = {L28},
          doi = {10.3847/2041-8213/aad7f7},
archivePrefix = {arXiv},
       eprint = {1805.00453},
 primaryClass = {astro-ph.GA},
       adsurl = {https://ui.adsabs.harvard.edu/abs/2018ApJ...863L..28M},
      adsnote = {Provided by the SAO/NASA Astrophysics Data System}
}

% Naidu et al. (2020)
@ARTICLE{Naidu2020,
       author = {{Naidu}, Rohan P. and {Conroy}, Charlie and {Bonaca}, Ana and {Johnson}, Benjamin D. and {Ting}, Yuan-Sen and {Caldwell}, Nelson and {Zaritsky}, Dennis and {Cargile}, Phillip A.},
        title = "{Evidence from the H3 Survey That the Stellar Halo Is Entirely Comprised of Substructure}",
      journal = {\apj},
     keywords = {Galaxy stellar halos, Galaxy kinematics, Milky Way evolution, Galaxy evolution, Galaxy formation, Milky Way formation, Milky Way Galaxy, Milky Way stellar halo, 598, 602, 1052, 594, 595, 1053, 1054, 1060, Astrophysics - Astrophysics of Galaxies},
         year = 2020,
        month = sep,
       volume = {901},
       number = {1},
          eid = {48},
        pages = {48},
          doi = {10.3847/1538-4357/abaef4},
archivePrefix = {arXiv},
       eprint = {2006.08625},
 primaryClass = {astro-ph.GA},
       adsurl = {https://ui.adsabs.harvard.edu/abs/2020ApJ...901...48N},
      adsnote = {Provided by the SAO/NASA Astrophysics Data System}
}

% Naidu et al. (2022)
@ARTICLE{Naidu2022,
       author = {{Naidu}, Rohan P. and {Conroy}, Charlie and {Bonaca}, Ana and {Zaritsky}, Dennis and {Ting}, Yuan-Sen and {Caldwell}, Nelson and {Cargile}, Phillip A. and {Speagle}, Joshua S. and {Chandra}, Vedant and {Johnson}, Benjamin D. and {Woody}, Turner and {Han}, Jiwon Jesse},
        title = "{Live Fast, Die $\alpha$-Enhanced: The Mass-Metallicity-$\alpha$ Relation of the Milky Way's Disrupted Dwarf Galaxies}",
      journal = {arXiv e-prints},
     keywords = {Astrophysics - Astrophysics of Galaxies},
         year = 2022,
        month = apr,
          eid = {arXiv:2204.09057},
        pages = {arXiv:2204.09057},
archivePrefix = {arXiv},
       eprint = {2204.09057},
 primaryClass = {astro-ph.GA},
       adsurl = {https://ui.adsabs.harvard.edu/abs/2022arXiv220409057N},
      adsnote = {Provided by the SAO/NASA Astrophysics Data System}
}

% Nomoto, Kobayashi & Tominaga (2013) 
@ARTICLE{Nomoto2013,
       author = {{Nomoto}, Ken'ichi and {Kobayashi}, Chiaki and {Tominaga}, Nozomu},
        title = "{Nucleosynthesis in Stars and the Chemical Enrichment of Galaxies}",
      journal = {\araa},
         year = 2013,
        month = aug,
       volume = {51},
       number = {1},
        pages = {457-509},
          doi = {10.1146/annurev-astro-082812-140956},
       adsurl = {https://ui.adsabs.harvard.edu/abs/2013ARA&A..51..457N},
      adsnote = {Provided by the SAO/NASA Astrophysics Data System}
}

% O'Connor & Ott (2011)
@ARTICLE{OConnor2011,
       author = {{O'Connor}, Evan and {Ott}, Christian D.},
        title = "{Black Hole Formation in Failing Core-Collapse Supernovae}",
      journal = {\apj},
     keywords = {black hole physics, equation of state, hydrodynamics, neutrinos, stars: evolution, stars: mass-loss, stars: neutron, supernovae: general, Astrophysics - High Energy Astrophysical Phenomena, Astrophysics - Solar and Stellar Astrophysics, General Relativity and Quantum Cosmology},
         year = 2011,
        month = apr,
       volume = {730},
       number = {2},
          eid = {70},
        pages = {70},
          doi = {10.1088/0004-637X/730/2/70},
archivePrefix = {arXiv},
       eprint = {1010.5550},
 primaryClass = {astro-ph.HE},
       adsurl = {https://ui.adsabs.harvard.edu/abs/2011ApJ...730...70O},
      adsnote = {Provided by the SAO/NASA Astrophysics Data System}
}

% Okalidis et al. (2022)
@ARTICLE{Okalidis2022,
       author = {{Okalidis}, Periklis and {Grand}, Robert J.~J. and {Yates}, Robert M. and {Springel}, Volker},
        title = "{Stellar migration in the Auriga simulations}",
      journal = {\mnras},
     keywords = {methods: numerical, galaxies: evolution, galaxies: structure, Astrophysics - Astrophysics of Galaxies},
         year = 2022,
        month = aug,
       volume = {514},
       number = {4},
        pages = {5085-5104},
          doi = {10.1093/mnras/stac1635},
archivePrefix = {arXiv},
       eprint = {2206.05304},
 primaryClass = {astro-ph.GA},
       adsurl = {https://ui.adsabs.harvard.edu/abs/2022MNRAS.514.5085O},
      adsnote = {Provided by the SAO/NASA Astrophysics Data System}
}

% Pagel (2009)
@BOOK{Pagel2009,
       author = {{Pagel}, Bernard E.~J.},
        title = "{Nucleosynthesis and Chemical Evolution of Galaxies}",
         year = 2009,
       adsurl = {https://ui.adsabs.harvard.edu/abs/2009nceg.book.....P},
      adsnote = {Provided by the SAO/NASA Astrophysics Data System}
}

% Pejcha & Thompson (2015)
@ARTICLE{Pejcha2015,
       author = {{Pejcha}, Ond{\v{r}}ej and {Thompson}, Todd A.},
        title = "{The Landscape of the Neutrino Mechanism of Core-collapse Supernovae: Neutron Star and Black Hole Mass Functions, Explosion Energies, and Nickel Yields}",
      journal = {\apj},
     keywords = {shock waves, stars: black holes, stars: neutron, supernovae: general, Astrophysics - High Energy Astrophysical Phenomena},
         year = 2015,
        month = mar,
       volume = {801},
       number = {2},
          eid = {90},
        pages = {90},
          doi = {10.1088/0004-637X/801/2/90},
archivePrefix = {arXiv},
       eprint = {1409.0540},
 primaryClass = {astro-ph.HE},
       adsurl = {https://ui.adsabs.harvard.edu/abs/2015ApJ...801...90P},
      adsnote = {Provided by the SAO/NASA Astrophysics Data System}
}

% Phillips et al. (2014)
@ARTICLE{Phillips2014,
       author = {{Phillips}, John I. and {Wheeler}, Coral and {Boylan-Kolchin}, Michael and {Bullock}, James S. and {Cooper}, Michael C. and {Tollerud}, Erik J.},
        title = "{A dichotomy in satellite quenching around L* galaxies}",
      journal = {\mnras},
     keywords = {galaxies: dwarf, galaxies: evolution, cosmology: observations, Astrophysics - Cosmology and Nongalactic Astrophysics},
         year = 2014,
        month = jan,
       volume = {437},
       number = {2},
        pages = {1930-1941},
          doi = {10.1093/mnras/stt2023},
archivePrefix = {arXiv},
       eprint = {1307.3552},
 primaryClass = {astro-ph.CO},
       adsurl = {https://ui.adsabs.harvard.edu/abs/2014MNRAS.437.1930P},
      adsnote = {Provided by the SAO/NASA Astrophysics Data System}
}

% Phillips et al. (2015)
@ARTICLE{Phillips2015,
       author = {{Phillips}, John I. and {Wheeler}, Coral and {Cooper}, Michael C. and {Boylan-Kolchin}, Michael and {Bullock}, James S. and {Tollerud}, Erik},
        title = "{The mass dependence of satellite quenching in Milky Way-like haloes}",
      journal = {\mnras},
     keywords = {galaxies: dwarf, galaxies: evolution, galaxies: formation, galaxies: star formation, galaxies: statistics, Astrophysics - Astrophysics of Galaxies},
         year = 2015,
        month = feb,
       volume = {447},
       number = {1},
        pages = {698-710},
          doi = {10.1093/mnras/stu2192},
archivePrefix = {arXiv},
       eprint = {1407.3276},
 primaryClass = {astro-ph.GA},
       adsurl = {https://ui.adsabs.harvard.edu/abs/2015MNRAS.447..698P},
      adsnote = {Provided by the SAO/NASA Astrophysics Data System}
}

% Numerical Recipes: Press, Teukolsky, Vetterling & Flannery (2007)
@BOOK{Press2007,
  added-at = {2010-07-28T15:16:23.000+0200},
  asin = {0521880688},
  author = {Press, William H. and Teukolsky, Saul A. and Vetterling, William T. and Flannery, Brian P.},
  biburl = {https://www.bibsonomy.org/bibtex/2f9d2f186a1e4a1e400ad2ed0f8ea852d/lopusz},
  description = {Amazon.com: Numerical Recipes 3rd Edition: The Art of Scientific…},
  dewey = {518.0285},
  ean = {9780521880688},
  edition = 3,
  interhash = {6b5cc0aac35eedcef262ac8d2d568588},
  intrahash = {f9d2f186a1e4a1e400ad2ed0f8ea852d},
  isbn = {0521880688},
  keywords = {numerics},
  publisher = {Cambridge University Press},
  timestamp = {2010-07-28T15:16:23.000+0200},
  title = {Numerical Recipes 3rd Edition: The Art of Scientific Computing},
  url = {http://www.amazon.com/Numerical-Recipes-3rd-Scientific-Computing/dp/0521880688/ref=sr_1_1?ie=UTF8&s=books&qid=1280322496&sr=8-1},
  year = 2007
}



% Prodanovic, Steigman & Fields (2010)
@ARTICLE{Prodanovic2010,
       author = {{Prodanovi{\'c}}, Tijana and {Steigman}, Gary and {Fields}, Brian D.},
        title = "{The deuterium abundance in the local interstellar medium}",
      journal = {\mnras},
     keywords = {ISM: abundances, Galaxy: evolution, galaxies: ISM, Astrophysics - Astrophysics of Galaxies},
         year = 2010,
        month = aug,
       volume = {406},
       number = {2},
        pages = {1108-1115},
          doi = {10.1111/j.1365-2966.2010.16734.x},
archivePrefix = {arXiv},
       eprint = {0910.4961},
 primaryClass = {astro-ph.GA},
       adsurl = {https://ui.adsabs.harvard.edu/abs/2010MNRAS.406.1108P},
      adsnote = {Provided by the SAO/NASA Astrophysics Data System}
}

% Rocha, Peter & Bullock (2012)
@ARTICLE{Rocha2012,
       author = {{Rocha}, Miguel and {Peter}, Annika H.~G. and {Bullock}, James},
        title = "{Infall times for Milky Way satellites from their present-day kinematics}",
      journal = {\mnras},
     keywords = {methods: numerical, galaxies: evolution, galaxies: formation, galaxies: haloes, dark matter, Astrophysics - Cosmology and Nongalactic Astrophysics, Astrophysics - Astrophysics of Galaxies},
         year = 2012,
        month = sep,
       volume = {425},
       number = {1},
        pages = {231-244},
          doi = {10.1111/j.1365-2966.2012.21432.x},
archivePrefix = {arXiv},
       eprint = {1110.0464},
 primaryClass = {astro-ph.CO},
       adsurl = {https://ui.adsabs.harvard.edu/abs/2012MNRAS.425..231R},
      adsnote = {Provided by the SAO/NASA Astrophysics Data System}
}

% Romano et al. (2006)
@ARTICLE{Romano2006,
       author = {{Romano}, Donatella and {Tosi}, Monica and {Chiappini}, Cristina and {Matteucci}, Francesca},
        title = "{Deuterium astration in the local disc and beyond}",
      journal = {\mnras},
     keywords = {ISM: abundances: Galaxy: abundances: Galaxy: evolution: cosmology: observations, ISM: abundances, Galaxy: abundances, Galaxy: evolution, cosmology: observations, Astrophysics},
         year = 2006,
        month = jun,
       volume = {369},
       number = {1},
        pages = {295-304},
          doi = {10.1111/j.1365-2966.2006.10287.x},
archivePrefix = {arXiv},
       eprint = {astro-ph/0603190},
 primaryClass = {astro-ph},
       adsurl = {https://ui.adsabs.harvard.edu/abs/2006MNRAS.369..295R},
      adsnote = {Provided by the SAO/NASA Astrophysics Data System}
}

% Roskar et al. (2008a)
@ARTICLE{Roskar2008a,
       author = {{Ro{\v{s}}kar}, Rok and {Debattista}, Victor P. and {Stinson}, Gregory S. and {Quinn}, Thomas R. and {Kaufmann}, Tobias and {Wadsley}, James},
        title = "{Beyond Inside-Out Growth: Formation and Evolution of Disk Outskirts}",
      journal = {\apjl},
     keywords = {galaxies: evolution, galaxies: formation, galaxies: photometry, galaxies: spiral, galaxies: structure, stellar dynamics, Astrophysics},
         year = 2008,
        month = mar,
       volume = {675},
       number = {2},
        pages = {L65},
          doi = {10.1086/586734},
archivePrefix = {arXiv},
       eprint = {0710.5523},
 primaryClass = {astro-ph},
       adsurl = {https://ui.adsabs.harvard.edu/abs/2008ApJ...675L..65R},
      adsnote = {Provided by the SAO/NASA Astrophysics Data System}
}

% Roskar et al. (2008b)
@ARTICLE{Roskar2008b,
       author = {{Ro{\v{s}}kar}, Rok and {Debattista}, Victor P. and {Quinn}, Thomas R. and {Stinson}, Gregory S. and {Wadsley}, James},
        title = "{Riding the Spiral Waves: Implications of Stellar Migration for the Properties of Galactic Disks}",
      journal = {\apjl},
     keywords = {galaxies: evolution, galaxies: spiral, galaxies: stellar content, Galaxy: stellar content, solar neighborhood, stellar dynamics, Astrophysics},
         year = 2008,
        month = sep,
       volume = {684},
       number = {2},
        pages = {L79},
          doi = {10.1086/592231},
archivePrefix = {arXiv},
       eprint = {0808.0206},
 primaryClass = {astro-ph},
       adsurl = {https://ui.adsabs.harvard.edu/abs/2008ApJ...684L..79R},
      adsnote = {Provided by the SAO/NASA Astrophysics Data System}
}

% Salpeter (1955)
@ARTICLE{Salpeter1955,
       author = {{Salpeter}, Edwin E.},
        title = "{The Luminosity Function and Stellar Evolution.}",
      journal = {\apj},
         year = 1955,
        month = jan,
       volume = {121},
        pages = {161},
          doi = {10.1086/145971},
       adsurl = {https://ui.adsabs.harvard.edu/abs/1955ApJ...121..161S},
      adsnote = {Provided by the SAO/NASA Astrophysics Data System}
}

% Sanchez (2020)
@ARTICLE{Sanchez2020,
       author = {{S{\'a}nchez}, Sebasti{\'a}n F.},
        title = "{Spatially Resolved Spectroscopic Properties of Low-Redshift Star-Forming Galaxies}",
      journal = {\araa},
     keywords = {Astrophysics - Astrophysics of Galaxies},
         year = 2020,
        month = aug,
       volume = {58},
        pages = {99-155},
          doi = {10.1146/annurev-astro-012120-013326},
archivePrefix = {arXiv},
       eprint = {1911.06925},
 primaryClass = {astro-ph.GA},
       adsurl = {https://ui.adsabs.harvard.edu/abs/2020ARA&A..58...99S},
      adsnote = {Provided by the SAO/NASA Astrophysics Data System}
}

% Schaefer et al. (2020)
@ARTICLE{Schaefer2020,
       author = {{Schaefer}, Adam L. and {Tremonti}, Christy and {Belfiore}, Francesco and {Pace}, Zachary and {Bershady}, Matthew A. and {Andrews}, Brett H. and {Drory}, Niv},
        title = "{SDSS-IV MaNGA: Variations in the N/O-O/H Relation Bias Metallicity Gradient Measurements}",
      journal = {\apjl},
     keywords = {Metallicity, Chemical abundances, Abundance ratios, Galaxy chemical evolution, Chemical enrichment, 1031, 224, 11, 580, 225, Astrophysics - Astrophysics of Galaxies},
         year = 2020,
        month = feb,
       volume = {890},
       number = {1},
          eid = {L3},
        pages = {L3},
          doi = {10.3847/2041-8213/ab6f06},
archivePrefix = {arXiv},
       eprint = {1911.00581},
 primaryClass = {astro-ph.GA},
       adsurl = {https://ui.adsabs.harvard.edu/abs/2020ApJ...890L...3S},
      adsnote = {Provided by the SAO/NASA Astrophysics Data System}
}

% Schleicher & Beck (2016)
@ARTICLE{Schleicher2016,
       author = {{Schleicher}, Dominik R.~G. and {Beck}, Rainer},
        title = "{Star-forming dwarf galaxies: the correlation between far-infrared and radio fluxes}",
      journal = {\aap},
     keywords = {galaxies: magnetic fields, galaxies: dwarf, galaxies: ISM, Astrophysics - Astrophysics of Galaxies, Astrophysics - Cosmology and Nongalactic Astrophysics},
         year = 2016,
        month = sep,
       volume = {593},
          eid = {A77},
        pages = {A77},
          doi = {10.1051/0004-6361/201628843},
archivePrefix = {arXiv},
       eprint = {1607.00094},
 primaryClass = {astro-ph.GA},
       adsurl = {https://ui.adsabs.harvard.edu/abs/2016A&A...593A..77S},
      adsnote = {Provided by the SAO/NASA Astrophysics Data System}
}

% Schoenrich & Binney (2009) 
@ARTICLE{Schoenrich2009, 
       author = {{Sch{\"o}nrich}, Ralph and {Binney}, James},
        title = "{Chemical evolution with radial mixing}",
      journal = {\mnras},
     keywords = {galaxies: abundances, galaxies: evolution, galaxies: ISM, galaxies: kinematics and dynamics, Galaxy: disc, solar neighbourhood, Astrophysics},
         year = "2009",
        month = "Jun",
       volume = {396},
       number = {1},
        pages = {203-222},
          doi = {10.1111/j.1365-2966.2009.14750.x},
archivePrefix = {arXiv},
       eprint = {0809.3006},
 primaryClass = {astro-ph},
       adsurl = {https://ui.adsabs.harvard.edu/abs/2009MNRAS.396..203S},
      adsnote = {Provided by the SAO/NASA Astrophysics Data System}
} 

% Sellwood & Binney (2002) 
@ARTICLE{Sellwood2002,
       author = {{Sellwood}, J.~A. and {Binney}, J.~J.},
        title = "{Radial mixing in galactic discs}",
      journal = {\mnras},
     keywords = {ISM: abundances, Galaxy: abundances, Galaxy: kinematics and dynamics, galaxies: evolution, galaxies: ISM, galaxies: structure, Astrophysics},
         year = 2002,
        month = nov,
       volume = {336},
       number = {3},
        pages = {785-796},
          doi = {10.1046/j.1365-8711.2002.05806.x},
archivePrefix = {arXiv},
       eprint = {astro-ph/0203510},
 primaryClass = {astro-ph},
       adsurl = {https://ui.adsabs.harvard.edu/abs/2002MNRAS.336..785S},
      adsnote = {Provided by the SAO/NASA Astrophysics Data System}
}

% Serenelli, Haxton & Pena-Garay (2011)
@ARTICLE{Serenelli2011,
       author = {{Serenelli}, Aldo M. and {Haxton}, W.~C. and {Pe{\~n}a-Garay}, Carlos},
        title = "{Solar Models with Accretion. I. Application to the Solar Abundance Problem}",
      journal = {\apj},
     keywords = {accretion, accretion disks, neutrinos, Sun: abundances, Sun: helioseismology, Sun: interior, Astrophysics - Solar and Stellar Astrophysics, High Energy Physics - Experiment, High Energy Physics - Phenomenology, Nuclear Experiment, Nuclear Theory},
         year = 2011,
        month = dec,
       volume = {743},
       number = {1},
          eid = {24},
        pages = {24},
          doi = {10.1088/0004-637X/743/1/24},
archivePrefix = {arXiv},
       eprint = {1104.1639},
 primaryClass = {astro-ph.SR},
       adsurl = {https://ui.adsabs.harvard.edu/abs/2011ApJ...743...24S},
      adsnote = {Provided by the SAO/NASA Astrophysics Data System}
}

% Sharda et al. (2021)
@ARTICLE{Sharda2021,
       author = {{Sharda}, Piyush and {Krumholz}, Mark R. and {Wisnioski}, Emily and {Forbes}, John C. and {Federrath}, Christoph and {Acharyya}, Ayan},
        title = "{The physics of gas phase metallicity gradients in galaxies}",
      journal = {\mnras},
     keywords = {ISM: abundances, (ISM:) H ii regions, galaxies: abundances, galaxies: evolution, galaxies: fundamental parameters, galaxies: ISM, (ISM:) H II regions, Astrophysics - Astrophysics of Galaxies, Astrophysics - Cosmology and Nongalactic Astrophysics},
         year = 2021,
        month = apr,
       volume = {502},
       number = {4},
        pages = {5935-5961},
          doi = {10.1093/mnras/stab252},
archivePrefix = {arXiv},
       eprint = {2102.01234},
 primaryClass = {astro-ph.GA},
       adsurl = {https://ui.adsabs.harvard.edu/abs/2021MNRAS.502.5935S},
      adsnote = {Provided by the SAO/NASA Astrophysics Data System}
}

% Sharma, Hayden & Bland-Hawthorn (2021) 
@ARTICLE{Sharma2021,
       author = {{Sharma}, Sanjib and {Hayden}, Michael R. and {Bland-Hawthorn}, Joss},
        title = "{Chemical enrichment and radial migration in the Galactic disc - the origin of the [{\ensuremath{\alpha}}Fe] double sequence}",
      journal = {\mnras},
     keywords = {Galaxy: abundances, Galaxy: disc, Galaxy: evolution, Galaxy: formation, Galaxy: structure, Astrophysics - Astrophysics of Galaxies},
         year = 2021,
        month = nov,
       volume = {507},
       number = {4},
        pages = {5882-5901},
          doi = {10.1093/mnras/stab2015},
archivePrefix = {arXiv},
       eprint = {2005.03646},
 primaryClass = {astro-ph.GA},
       adsurl = {https://ui.adsabs.harvard.edu/abs/2021MNRAS.507.5882S},
      adsnote = {Provided by the SAO/NASA Astrophysics Data System}
}

% Slater & Bell (2013)
@ARTICLE{Slater2013,
       author = {{Slater}, Colin T. and {Bell}, Eric F.},
        title = "{Confronting Models of Dwarf Galaxy Quenching with Observations of the Local Group}",
      journal = {\apj},
     keywords = {galaxies: dwarf, galaxies: evolution, Local Group, Astrophysics - Cosmology and Nongalactic Astrophysics, Astrophysics - Astrophysics of Galaxies},
         year = 2013,
        month = aug,
       volume = {773},
       number = {1},
          eid = {17},
        pages = {17},
          doi = {10.1088/0004-637X/773/1/17},
archivePrefix = {arXiv},
       eprint = {1306.1829},
 primaryClass = {astro-ph.CO},
       adsurl = {https://ui.adsabs.harvard.edu/abs/2013ApJ...773...17S},
      adsnote = {Provided by the SAO/NASA Astrophysics Data System}
}

% Slater & Bell (2014)
@ARTICLE{Slater2014,
       author = {{Slater}, Colin T. and {Bell}, Eric F.},
        title = "{The Mass Dependence of Dwarf Satellite Galaxy Quenching}",
      journal = {\apj},
     keywords = {galaxies: dwarf, galaxies: evolution, Local Group, Astrophysics - Astrophysics of Galaxies},
         year = 2014,
        month = sep,
       volume = {792},
       number = {2},
          eid = {141},
        pages = {141},
          doi = {10.1088/0004-637X/792/2/141},
archivePrefix = {arXiv},
       eprint = {1407.6006},
 primaryClass = {astro-ph.GA},
       adsurl = {https://ui.adsabs.harvard.edu/abs/2014ApJ...792..141S},
      adsnote = {Provided by the SAO/NASA Astrophysics Data System}
}

% Soderblom (2010)
@ARTICLE{Soderblom2010,
       author = {{Soderblom}, David R.},
        title = "{The Ages of Stars}",
      journal = {\araa},
     keywords = {Astrophysics - Solar and Stellar Astrophysics},
         year = 2010,
        month = sep,
       volume = {48},
        pages = {581-629},
          doi = {10.1146/annurev-astro-081309-130806},
archivePrefix = {arXiv},
       eprint = {1003.6074},
 primaryClass = {astro-ph.SR},
       adsurl = {https://ui.adsabs.harvard.edu/abs/2010ARA&A..48..581S},
      adsnote = {Provided by the SAO/NASA Astrophysics Data System}
}

% Sohn et al. (2013)
@ARTICLE{Sohn2013,
       author = {{Sohn}, Sangmo Tony and {Besla}, Gurtina and {van der Marel}, Roeland P. and {Boylan-Kolchin}, Michael and {Majewski}, Steven R. and {Bullock}, James S.},
        title = "{The Space Motion of Leo I: Hubble Space Telescope Proper Motion and Implied Orbit}",
      journal = {\apj},
     keywords = {astrometry, Galaxy: halo, Galaxy: kinematics and dynamics, galaxies: individual: Leo I, galaxies: kinematics and dynamics, Local Group, Astrophysics - Galaxy Astrophysics},
         year = 2013,
        month = may,
       volume = {768},
       number = {2},
          eid = {139},
        pages = {139},
          doi = {10.1088/0004-637X/768/2/139},
archivePrefix = {arXiv},
       eprint = {1210.6039},
 primaryClass = {astro-ph.GA},
       adsurl = {https://ui.adsabs.harvard.edu/abs/2013ApJ...768..139S},
      adsnote = {Provided by the SAO/NASA Astrophysics Data System}
}

% Somerville & Dave (2015)
@ARTICLE{Somerville2015a,
       author = {{Somerville}, Rachel S. and {Dav{\'e}}, Romeel},
        title = "{Physical Models of Galaxy Formation in a Cosmological Framework}",
      journal = {\araa},
     keywords = {Astrophysics - Astrophysics of Galaxies},
         year = 2015,
        month = aug,
       volume = {53},
        pages = {51-113},
          doi = {10.1146/annurev-astro-082812-140951},
archivePrefix = {arXiv},
       eprint = {1412.2712},
 primaryClass = {astro-ph.GA},
       adsurl = {https://ui.adsabs.harvard.edu/abs/2015ARA&A..53...51S},
      adsnote = {Provided by the SAO/NASA Astrophysics Data System}
}

% Somerville, Popping & Trager (2015)
@ARTICLE{Somerville2015b,
       author = {{Somerville}, Rachel S. and {Popping}, Gerg{\"o} and {Trager}, Scott C.},
        title = "{Star formation in semi-analytic galaxy formation models with multiphase gas}",
      journal = {\mnras},
     keywords = {galaxies: evolution, galaxies: formation, galaxies: high-redshift, galaxies: star formation, Astrophysics - Astrophysics of Galaxies},
         year = 2015,
        month = nov,
       volume = {453},
       number = {4},
        pages = {4337-4367},
          doi = {10.1093/mnras/stv1877},
archivePrefix = {arXiv},
       eprint = {1503.00755},
 primaryClass = {astro-ph.GA},
       adsurl = {https://ui.adsabs.harvard.edu/abs/2015MNRAS.453.4337S},
      adsnote = {Provided by the SAO/NASA Astrophysics Data System}
}

% Souto et al. (2019)
@ARTICLE{Souto2019,
       author = {{Souto}, Diogo and {Allende Prieto}, C. and {Cunha}, Katia and {Pinsonneault}, Marc and {Smith}, Verne V. and {Garcia-Dias}, R. and {Bovy}, Jo and {Garc{\'\i}a-Hern{\'a}ndez}, D.~A. and {Holtzman}, Jon and {Johnson}, J.~A. and {J{\"o}nsson}, Henrik and {Majewski}, Steve R. and {Shetrone}, Matthew and {Sobeck}, Jennifer and {Zamora}, Olga and {Pan}, Kaike and {Nitschelm}, Christian},
        title = "{Chemical Abundances of Main-sequence, Turnoff, Subgiant, and Red Giant Stars from APOGEE Spectra. II. Atomic Diffusion in M67 Stars}",
      journal = {\apj},
     keywords = {diffusion, infrared: stars, open clusters and associations: general, stars: abundances, Astrophysics - Solar and Stellar Astrophysics},
         year = 2019,
        month = mar,
       volume = {874},
       number = {1},
          eid = {97},
        pages = {97},
          doi = {10.3847/1538-4357/ab0b43},
archivePrefix = {arXiv},
       eprint = {1902.10199},
 primaryClass = {astro-ph.SR},
       adsurl = {https://ui.adsabs.harvard.edu/abs/2019ApJ...874...97S},
      adsnote = {Provided by the SAO/NASA Astrophysics Data System}
}

% Spina et al. (2018)
@ARTICLE{Spina2018,
       author = {{Spina}, Lorenzo and {Mel{\'e}ndez}, Jorge and {Casey}, Andrew R. and {Karakas}, Amanda I. and {Tucci-Maia}, Marcelo},
        title = "{Chemical Inhomogeneities in the Pleiades: Signatures of Rocky-forming Material in Stellar Atmospheres}",
      journal = {\apj},
     keywords = {open clusters and associations: individual: Pleiades, stars: abundances, stars: chemically peculiar, stars: solar-type, Astrophysics - Solar and Stellar Astrophysics},
         year = 2018,
        month = aug,
       volume = {863},
       number = {2},
          eid = {179},
        pages = {179},
          doi = {10.3847/1538-4357/aad190},
archivePrefix = {arXiv},
       eprint = {1807.00941},
 primaryClass = {astro-ph.SR},
       adsurl = {https://ui.adsabs.harvard.edu/abs/2018ApJ...863..179S},
      adsnote = {Provided by the SAO/NASA Astrophysics Data System}
}

% Spitoni et al. (2008)
@ARTICLE{Spitoni2008,
       author = {{Spitoni}, E. and {Recchi}, S. and {Matteucci}, F.},
        title = "{Galactic fountains and their connection with high and intermediate velocity clouds}",
      journal = {\aap},
     keywords = {ISM: jets and outflows, ISM: clouds, Galaxy: disk, Galaxy: open clusters and associations: general, Astrophysics},
         year = 2008,
        month = jun,
       volume = {484},
       number = {3},
        pages = {743-753},
          doi = {10.1051/0004-6361:200809403},
archivePrefix = {arXiv},
       eprint = {0803.3032},
 primaryClass = {astro-ph},
       adsurl = {https://ui.adsabs.harvard.edu/abs/2008A&A...484..743S},
      adsnote = {Provided by the SAO/NASA Astrophysics Data System}
}

% Spitoni et al. (2009)
@ARTICLE{Spitoni2009,
       author = {{Spitoni}, E. and {Matteucci}, F. and {Recchi}, S. and {Cescutti}, G. and {Pipino}, A.},
        title = "{Effects of galactic fountains and delayed mixing in the chemical evolution of the Milky Way}",
      journal = {\aap},
     keywords = {Galaxy: abundances, Galaxy: evolution, Galaxy: disk, Galaxy: open clusters and associations: general, stars: supernovae: general, Astrophysics - Astrophysics of Galaxies},
         year = 2009,
        month = sep,
       volume = {504},
       number = {1},
        pages = {87-96},
          doi = {10.1051/0004-6361/200911768},
archivePrefix = {arXiv},
       eprint = {0906.3400},
 primaryClass = {astro-ph.GA},
       adsurl = {https://ui.adsabs.harvard.edu/abs/2009A&A...504...87S},
      adsnote = {Provided by the SAO/NASA Astrophysics Data System}
}

% Spitoni et al. (2019)
@ARTICLE{Spitoni2019,
       author = {{Spitoni}, E. and {Silva Aguirre}, V. and {Matteucci}, F. and {Calura}, F. and {Grisoni}, V.},
        title = "{Galactic Archaeology with asteroseismic ages: Evidence for delayed gas infall in the formation of the Milky Way disc}",
      journal = {\aap},
     keywords = {Galaxy: abundances, Galaxy: evolution, ISM: general, asteroseismology, Astrophysics - Astrophysics of Galaxies},
         year = 2019,
        month = mar,
       volume = {623},
          eid = {A60},
        pages = {A60},
          doi = {10.1051/0004-6361/201834188},
archivePrefix = {arXiv},
       eprint = {1809.00914},
 primaryClass = {astro-ph.GA},
       adsurl = {https://ui.adsabs.harvard.edu/abs/2019A&A...623A..60S},
      adsnote = {Provided by the SAO/NASA Astrophysics Data System}
}

% Spitoni et al. (2020)
@ARTICLE{Spitoni2020,
       author = {{Spitoni}, E. and {Verma}, K. and {Silva Aguirre}, V. and {Calura}, F.},
        title = "{Galactic archaeology with asteroseismic ages. II. Confirmation of a delayed gas infall using Bayesian analysis based on MCMC methods}",
      journal = {\aap},
     keywords = {Galaxy: abundances, Galaxy: evolution, ISM: general, asteroseismology, methods: statistical, Astrophysics - Astrophysics of Galaxies},
         year = 2020,
        month = mar,
       volume = {635},
          eid = {A58},
        pages = {A58},
          doi = {10.1051/0004-6361/201937275},
archivePrefix = {arXiv},
       eprint = {1912.04312},
 primaryClass = {astro-ph.GA},
       adsurl = {https://ui.adsabs.harvard.edu/abs/2020A&A...635A..58S},
      adsnote = {Provided by the SAO/NASA Astrophysics Data System}
}

% Spitoni et al. (2021)
@ARTICLE{Spitoni2021,
       author = {{Spitoni}, E. and {Verma}, K. and {Silva Aguirre}, V. and {Vincenzo}, F. and {Matteucci}, F. and {Vai{\v{c}}ekauskait{\.{e}}}, B. and {Palla}, M. and {Grisoni}, V. and {Calura}, F.},
        title = "{APOGEE DR16: A multi-zone chemical evolution model for the Galactic disc based on MCMC methods}",
      journal = {\aap},
     keywords = {Galaxy: abundances, Galaxy: evolution, ISM: general, methods: statistical, Astrophysics - Astrophysics of Galaxies},
         year = 2021,
        month = mar,
       volume = {647},
          eid = {A73},
        pages = {A73},
          doi = {10.1051/0004-6361/202039864},
archivePrefix = {arXiv},
       eprint = {2101.08803},
 primaryClass = {astro-ph.GA},
       adsurl = {https://ui.adsabs.harvard.edu/abs/2021A&A...647A..73S},
      adsnote = {Provided by the SAO/NASA Astrophysics Data System}
}

% Steigman, Romano & Tosi (2007)
@ARTICLE{Steigman2007,
       author = {{Steigman}, Gary and {Romano}, Donatella and {Tosi}, Monica},
        title = "{Connecting the primordial and Galactic deuterium abundances}",
      journal = {\mnras},
     keywords = {ISM: abundances, Galaxy: evolution, Astrophysics},
         year = 2007,
        month = jun,
       volume = {378},
       number = {2},
        pages = {576-580},
          doi = {10.1111/j.1365-2966.2007.11780.x},
archivePrefix = {arXiv},
       eprint = {astro-ph/0703682},
 primaryClass = {astro-ph},
       adsurl = {https://ui.adsabs.harvard.edu/abs/2007MNRAS.378..576S},
      adsnote = {Provided by the SAO/NASA Astrophysics Data System}
}

% Steyrleithner, Hensler & Boselli (2020)
@ARTICLE{Steyrleithner2020,
       author = {{Steyrleithner}, P. and {Hensler}, G. and {Boselli}, A.},
        title = "{The effect of ram-pressure stripping on dwarf galaxies}",
      journal = {\mnras},
     keywords = {methods: numerical, galaxies: dwarf, galaxies: evolution, galaxies: ISM, galaxies: star formation, Astrophysics - Astrophysics of Galaxies},
         year = 2020,
        month = may,
       volume = {494},
       number = {1},
        pages = {1114-1127},
          doi = {10.1093/mnras/staa775},
archivePrefix = {arXiv},
       eprint = {2003.09591},
 primaryClass = {astro-ph.GA},
       adsurl = {https://ui.adsabs.harvard.edu/abs/2020MNRAS.494.1114S},
      adsnote = {Provided by the SAO/NASA Astrophysics Data System}
}

% Stilp et al. (2013)
@ARTICLE{Stilp2013,
       author = {{Stilp}, Adrienne M. and {Dalcanton}, Julianne J. and {Skillman}, Evan and {Warren}, Steven R. and {Ott}, J{\"u}rgen and {Koribalski}, B{\"a}rbel},
        title = "{Drivers of H I Turbulence in Dwarf Galaxies}",
      journal = {\apj},
     keywords = {galaxies: dwarf, galaxies: irregular, galaxies: ISM, galaxies: kinematics and dynamics, ISM: kinematics and dynamics, Astrophysics - Astrophysics of Galaxies},
         year = 2013,
        month = aug,
       volume = {773},
       number = {2},
          eid = {88},
        pages = {88},
          doi = {10.1088/0004-637X/773/2/88},
archivePrefix = {arXiv},
       eprint = {1306.2321},
 primaryClass = {astro-ph.GA},
       adsurl = {https://ui.adsabs.harvard.edu/abs/2013ApJ...773...88S},
      adsnote = {Provided by the SAO/NASA Astrophysics Data System}
}

% Strolger et al. (2020)
@ARTICLE{Strolger2020,
       author = {{Strolger}, Louis-Gregory and {Rodney}, Steven A. and {Pacifici}, Camilla and {Narayan}, Gautham and {Graur}, Or},
        title = "{Delay Time Distributions of Type Ia Supernovae from Galaxy and Cosmic Star Formation Histories}",
      journal = {\apj},
     keywords = {Type Ia supernovae, Supernovae, 1728, 1668, Astrophysics - Astrophysics of Galaxies, Astrophysics - Cosmology and Nongalactic Astrophysics, Astrophysics - High Energy Astrophysical Phenomena},
         year = 2020,
        month = feb,
       volume = {890},
       number = {2},
          eid = {140},
        pages = {140},
          doi = {10.3847/1538-4357/ab6a97},
archivePrefix = {arXiv},
       eprint = {2001.05967},
 primaryClass = {astro-ph.GA},
       adsurl = {https://ui.adsabs.harvard.edu/abs/2020ApJ...890..140S},
      adsnote = {Provided by the SAO/NASA Astrophysics Data System}
}

% Stryker (1993)
@ARTICLE{Stryker1993,
       author = {{Stryker}, L.~L.},
        title = "{Blue Stragglers}",
      journal = {\pasp},
     keywords = {Binary Stars, Blue Stars, Color-Magnitude Diagram, Star Clusters, Stellar Evolution, Dwarf Galaxies, Mass Transfer, Metallicity, Mixing, Stellar Magnetic Fields, Stellar Rotation, Astronomy},
         year = 1993,
        month = oct,
       volume = {105},
        pages = {1081},
          doi = {10.1086/133286},
       adsurl = {https://ui.adsabs.harvard.edu/abs/1993PASP..105.1081S},
      adsnote = {Provided by the SAO/NASA Astrophysics Data System}
}

% Sukhbold et al. (2016) 
@ARTICLE{Sukhbold2016,
       author = {{Sukhbold}, Tuguldur and {Ertl}, T. and {Woosley}, S.~E. and {Brown}, Justin M. and {Janka}, H. -T.},
        title = "{Core-collapse Supernovae from 9 to 120 Solar Masses Based on Neutrino-powered Explosions}",
      journal = {\apj},
     keywords = {nuclear reactions, nucleosynthesis, abundances, stars: black holes, stars: massive, stars: neutron, supernovae: general, Astrophysics - High Energy Astrophysical Phenomena, Astrophysics - Solar and Stellar Astrophysics},
         year = 2016,
        month = apr,
       volume = {821},
       number = {1},
          eid = {38},
        pages = {38},
          doi = {10.3847/0004-637X/821/1/38},
archivePrefix = {arXiv},
       eprint = {1510.04643},
 primaryClass = {astro-ph.HE},
       adsurl = {https://ui.adsabs.harvard.edu/abs/2016ApJ...821...38S},
      adsnote = {Provided by the SAO/NASA Astrophysics Data System}
}

% Szentgyorgyi et al. (2011)
@ARTICLE{Szentgyorgyi2011,
       author = {{Szentgyorgyi}, Andrew and {Furesz}, Gabor and {Cheimets}, Peter and {Conroy}, Maureen and {Eng}, Roger and {Fabricant}, Daniel and {Fata}, Robert and {Gauron}, Thomas and {Geary}, John and {McLeod}, Brian and {Zajac}, Joseph and {Amato}, Stephen and {Bergner}, Henry and {Caldwell}, Nelson and {Dupree}, Andrea and {Goddard}, Richard and {Johnston}, Everett and {Meibom}, Soeren and {Mink}, Douglas and {Pieri}, Mario and {Roll}, John and {Tokarz}, Susan and {Wyatt}, William and {Epps}, Harland and {Hartmann}, Lee and {Meszaros}, Szabolcz},
        title = "{Hectochelle: A Multiobject Optical Echelle Spectrograph for the MMT}",
      journal = {\pasp},
         year = 2011,
        month = oct,
       volume = {123},
       number = {908},
        pages = {1188},
          doi = {10.1086/662209},
       adsurl = {https://ui.adsabs.harvard.edu/abs/2011PASP..123.1188S},
      adsnote = {Provided by the SAO/NASA Astrophysics Data System}
}

% Tacconi et al. (2018)
@ARTICLE{Tacconi2018,
       author = {{Tacconi}, L.~J. and {Genzel}, R. and {Saintonge}, A. and {Combes}, F. and
         {Garc{\'\i}a-Burillo}, S. and {Neri}, R. and {Bolatto}, A. and
         {Contini}, T. and {F{\"o}rster Schreiber}, N.~M. and {Lilly}, S. and
         {Lutz}, D. and {Wuyts}, S. and {Accurso}, G. and {Boissier}, J. and
         {Boone}, F. and {Bouch{\'e}}, N. and {Bournaud}, F. and {Burkert}, A. and
         {Carollo}, M. and {Cooper}, M. and {Cox}, P. and {Feruglio}, C. and
         {Freundlich}, J. and {Herrera-Camus}, R. and {Juneau}, S. and
         {Lippa}, M. and {Naab}, T. and {Renzini}, A. and {Salome}, P. and
         {Sternberg}, A. and {Tadaki}, K. and {{\"U}bler}, H. and {Walter}, F. and
         {Weiner}, B. and {Weiss}, A.},
        title = "{PHIBSS: Unified Scaling Relations of Gas Depletion Time and Molecular Gas Fractions}",
      journal = {\apj},
     keywords = {galaxies: evolution, galaxies: high-redshift, galaxies: kinematics and dynamics, infrared: galaxies, Astrophysics - Astrophysics of Galaxies},
         year = 2018,
        month = feb,
       volume = {853},
       number = {2},
          eid = {179},
        pages = {179},
          doi = {10.3847/1538-4357/aaa4b4},
archivePrefix = {arXiv},
       eprint = {1702.01140},
 primaryClass = {astro-ph.GA},
       adsurl = {https://ui.adsabs.harvard.edu/abs/2018ApJ...853..179T},
      adsnote = {Provided by the SAO/NASA Astrophysics Data System}
}

% Tinsley (1980)
@ARTICLE{Tinsley1980,
       author = {{Tinsley}, B.~M.},
        title = "{Evolution of the Stars and Gas in Galaxies}",
      journal = {\fcp},
     keywords = {Astrophysics - Astrophysics of Galaxies},
         year = 1980,
        month = jan,
       volume = {5},
        pages = {287-388},
          doi = {10.48550/arXiv.2203.02041},
archivePrefix = {arXiv},
       eprint = {2203.02041},
 primaryClass = {astro-ph.GA},
       adsurl = {https://ui.adsabs.harvard.edu/abs/1980FCPh....5..287T},
      adsnote = {Provided by the SAO/NASA Astrophysics Data System}
}

% Tremonti et al. (2004)
@ARTICLE{Tremonti2004,
       author = {{Tremonti}, Christy A. and {Heckman}, Timothy M. and {Kauffmann}, Guinevere and {Brinchmann}, Jarle and {Charlot}, St{\'e}phane and {White}, Simon D.~M. and {Seibert}, Mark and {Peng}, Eric W. and {Schlegel}, David J. and {Uomoto}, Alan and {Fukugita}, Masataka and {Brinkmann}, Jon},
        title = "{The Origin of the Mass-Metallicity Relation: Insights from 53,000 Star-forming Galaxies in the Sloan Digital Sky Survey}",
      journal = {\apj},
     keywords = {Galaxies: Abundances, Galaxies: Evolution, Galaxies: Fundamental Parameters, Galaxies: Statistics, Astrophysics},
         year = 2004,
        month = oct,
       volume = {613},
       number = {2},
        pages = {898-913},
          doi = {10.1086/423264},
archivePrefix = {arXiv},
       eprint = {astro-ph/0405537},
 primaryClass = {astro-ph},
       adsurl = {https://ui.adsabs.harvard.edu/abs/2004ApJ...613..898T},
      adsnote = {Provided by the SAO/NASA Astrophysics Data System}
}

% Trueman et al. (2022)
@ARTICLE{Trueman2022,
       author = {{Trueman}, Thomas C.~L. and {C{\^o}t{\'e}}, Benoit and {Yag{\"u}e L{\'o}pez}, Andr{\'e}s and {den Hartogh}, Jacqueline and {Pignatari}, Marco and {So{\'o}s}, Benj{\'a}min and {Karakas}, Amanda I. and {Lugaro}, Maria},
        title = "{Galactic Chemical Evolution of Radioactive Isotopes with an s-process Contribution}",
      journal = {\apj},
     keywords = {11, 832, 2100, 580, Astrophysics - Astrophysics of Galaxies},
         year = 2022,
        month = jan,
       volume = {924},
       number = {1},
          eid = {10},
        pages = {10},
          doi = {10.3847/1538-4357/ac31b0},
archivePrefix = {arXiv},
       eprint = {2110.11126},
 primaryClass = {astro-ph.GA},
       adsurl = {https://ui.adsabs.harvard.edu/abs/2022ApJ...924...10T},
      adsnote = {Provided by the SAO/NASA Astrophysics Data System}
}

% Veilleux et al. (2020)
@ARTICLE{Veilleux2020,
       author = {{Veilleux}, Sylvain and {Maiolino}, Roberto and {Bolatto}, Alberto D. and {Aalto}, Susanne},
        title = "{Cool outflows in galaxies and their implications}",
      journal = {\aapr},
     keywords = {Galaxies: active, Evolution, Halo, Kinematics and dynamics, Starburst, Astrophysics - Astrophysics of Galaxies},
         year = 2020,
        month = apr,
       volume = {28},
       number = {1},
          eid = {2},
        pages = {2},
          doi = {10.1007/s00159-019-0121-9},
archivePrefix = {arXiv},
       eprint = {2002.07765},
 primaryClass = {astro-ph.GA},
       adsurl = {https://ui.adsabs.harvard.edu/abs/2020A&ARv..28....2V},
      adsnote = {Provided by the SAO/NASA Astrophysics Data System}
}

% Ventura et al. (2013) 
@ARTICLE{Ventura2013,
       author = {{Ventura}, P. and {Di Criscienzo}, M. and {Carini}, R. and {D'Antona}, F.},
        title = "{Yields of AGB and SAGB models with chemistry of low- and high-metallicity globular clusters}",
      journal = {\mnras},
     keywords = {stars: abundances, stars: AGB and post-AGB, stars: evolution, Astrophysics - Solar and Stellar Astrophysics},
         year = 2013,
        month = jun,
       volume = {431},
       number = {4},
        pages = {3642-3653},
          doi = {10.1093/mnras/stt444},
archivePrefix = {arXiv},
       eprint = {1303.3912},
 primaryClass = {astro-ph.SR},
       adsurl = {https://ui.adsabs.harvard.edu/abs/2013MNRAS.431.3642V},
      adsnote = {Provided by the SAO/NASA Astrophysics Data System}
}

% Ventura et al. (2014)
@ARTICLE{Ventura2014,
       author = {{Ventura}, P. and {di Criscienzo}, M. and {D'Antona}, F. and {Vesperini}, E. and {Tailo}, M. and {Dell'Agli}, F. and {D'Ercole}, A.},
        title = "{The formation of multiple populations in the globular cluster 47 Tuc}",
      journal = {\mnras},
     keywords = {stars: abundances, stars: AGB and post-AGB, globular clusters: general, Astrophysics - Solar and Stellar Astrophysics},
         year = 2014,
        month = feb,
       volume = {437},
       number = {4},
        pages = {3274-3282},
          doi = {10.1093/mnras/stt2126},
archivePrefix = {arXiv},
       eprint = {1311.0683},
 primaryClass = {astro-ph.SR},
       adsurl = {https://ui.adsabs.harvard.edu/abs/2014MNRAS.437.3274V},
      adsnote = {Provided by the SAO/NASA Astrophysics Data System}
}

% Ventura et al. (2018)
@ARTICLE{Ventura2018,
       author = {{Ventura}, P. and {Karakas}, A. and {Dell'Agli}, F. and {Garc{\'\i}a-Hern{\'a}ndez}, D.~A. and {Guzman-Ramirez}, L.},
        title = "{Gas and dust from solar metallicity AGB stars}",
      journal = {\mnras},
     keywords = {stars: abundances, stars: AGB and post-AGB, stars: carbon, Astrophysics - Solar and Stellar Astrophysics},
         year = 2018,
        month = apr,
       volume = {475},
       number = {2},
        pages = {2282-2305},
          doi = {10.1093/mnras/stx3338},
archivePrefix = {arXiv},
       eprint = {1712.08582},
 primaryClass = {astro-ph.SR},
       adsurl = {https://ui.adsabs.harvard.edu/abs/2018MNRAS.475.2282V},
      adsnote = {Provided by the SAO/NASA Astrophysics Data System}
}

% Ventura et al. (2020)
@ARTICLE{Ventura2020,
       author = {{Ventura}, P. and {Dell'Agli}, F. and {Lugaro}, M. and {Romano}, D. and {Tailo}, M. and {Yag{\"u}e}, A.},
        title = "{Gas and dust from metal-rich AGB stars}",
      journal = {\aap},
     keywords = {stars: AGB and post-AGB, stars: evolution, stars: abundances, stars: winds, outflows, Astrophysics - Solar and Stellar Astrophysics},
         year = 2020,
        month = sep,
       volume = {641},
          eid = {A103},
        pages = {A103},
          doi = {10.1051/0004-6361/202038289},
archivePrefix = {arXiv},
       eprint = {2007.02120},
 primaryClass = {astro-ph.SR},
       adsurl = {https://ui.adsabs.harvard.edu/abs/2020A&A...641A.103V},
      adsnote = {Provided by the SAO/NASA Astrophysics Data System}
}

% Vincenzo et al. (2019)
@ARTICLE{Vincenzo2019,
       author = {{Vincenzo}, Fiorenzo and {Spitoni}, Emanuele and {Calura}, Francesco and {Matteucci}, Francesca and {Silva Aguirre}, Victor and {Miglio}, Andrea and {Cescutti}, Gabriele},
        title = "{The Fall of a Giant. Chemical evolution of Enceladus, alias the Gaia Sausage}",
      journal = {\mnras},
     keywords = {stars: abundances, Galaxy: abundances, Galaxy: evolution, Galaxy: formation, galaxies: individual: Enceladus, galaxies: individual: Gaia Sausage, Astrophysics - Astrophysics of Galaxies},
         year = 2019,
        month = jul,
       volume = {487},
       number = {1},
        pages = {L47-L52},
          doi = {10.1093/mnrasl/slz070},
archivePrefix = {arXiv},
       eprint = {1903.03465},
 primaryClass = {astro-ph.GA},
       adsurl = {https://ui.adsabs.harvard.edu/abs/2019MNRAS.487L..47V},
      adsnote = {Provided by the SAO/NASA Astrophysics Data System}
}

% Vincenzo & Kobayashi (2020) 
@ARTICLE{Vincenzo2020,
       author = {{Vincenzo}, Fiorenzo and {Kobayashi}, Chiaki},
        title = "{Stellar migrations and metal flows - Chemical evolution of the thin disc of a simulated Milky Way analogous galaxy}",
      journal = {\mnras},
     keywords = {stars: abundances, galaxies: abundances, ISM: abundances, galaxies: evolution, Astrophysics - Astrophysics of Galaxies},
         year = 2020,
        month = jul,
       volume = {496},
       number = {1},
        pages = {80-94},
          doi = {10.1093/mnras/staa1451},
archivePrefix = {arXiv},
       eprint = {2004.08050},
 primaryClass = {astro-ph.GA},
       adsurl = {https://ui.adsabs.harvard.edu/abs/2020MNRAS.496...80V},
      adsnote = {Provided by the SAO/NASA Astrophysics Data System}
}

% Weinberg, Andrews & Freudenburg (2017)
@ARTICLE{Weinberg2017,
       author = {{Weinberg}, David H. and {Andrews}, Brett H. and {Freudenburg}, Jenna},
        title = "{Equilibrium and Sudden Events in Chemical Evolution}",
      journal = {\apj},
     keywords = {galaxies: abundances, galaxies: evolution, Astrophysics - Astrophysics of Galaxies},
         year = 2017,
        month = mar,
       volume = {837},
       number = {2},
          eid = {183},
        pages = {183},
          doi = {10.3847/1538-4357/837/2/183},
archivePrefix = {arXiv},
       eprint = {1604.07435},
 primaryClass = {astro-ph.GA},
       adsurl = {https://ui.adsabs.harvard.edu/abs/2017ApJ...837..183W},
      adsnote = {Provided by the SAO/NASA Astrophysics Data System}
}

% Weinberg (2017)
@ARTICLE{Weinberg2017b,
       author = {{Weinberg}, David H.},
        title = "{On the Deuterium-to-hydrogen Ratio of the Interstellar Medium}",
      journal = {\apj},
     keywords = {Galaxy: abundances, Galaxy: evolution, Galaxy: formation, Galaxy: general, Astrophysics - Astrophysics of Galaxies},
         year = 2017,
        month = dec,
       volume = {851},
       number = {1},
          eid = {25},
        pages = {25},
          doi = {10.3847/1538-4357/aa96b2},
archivePrefix = {arXiv},
       eprint = {1604.07434},
 primaryClass = {astro-ph.GA},
       adsurl = {https://ui.adsabs.harvard.edu/abs/2017ApJ...851...25W},
      adsnote = {Provided by the SAO/NASA Astrophysics Data System}
}

% Weinberg et al. (2019)
@ARTICLE{Weinberg2019,
       author = {{Weinberg}, David H. and {Holtzman}, Jon A. and {Hasselquist}, Sten and {Bird}, Jonathan C. and {Johnson}, Jennifer A. and {Shetrone}, Matthew and {Sobeck}, Jennifer and {Allende Prieto}, Carlos and {Bizyaev}, Dmitry and {Carrera}, Ricardo and {Cohen}, Roger E. and {Cunha}, Katia and {Ebelke}, Garrett and {Fernandez-Trincado}, J.~G. and {Garc{\'\i}a-Hern{\'a}ndez}, D.~A. and {Hayes}, Christian R. and {J{\"o}nsson}, Henrik and {Lane}, Richard R. and {Majewski}, Steven R. and {Malanushenko}, Viktor and {M{\'e}sz{\'a}ros}, Szabolcs and {Nidever}, David L. and {Nitschelm}, Christian and {Pan}, Kaike and {Rix}, Hans-Walter and {Rybizki}, Jan and {Schiavon}, Ricardo P. and {Schneider}, Donald P. and {Wilson}, John C. and {Zamora}, Olga},
        title = "{Chemical Cartography with APOGEE: Multi-element Abundance Ratios}",
      journal = {\apj},
     keywords = {Galaxy: abundances, Galaxy: disk, nuclear reactions, nucleosynthesis, abundances, stars: abundances, Astrophysics - Astrophysics of Galaxies},
         year = 2019,
        month = mar,
       volume = {874},
       number = {1},
          eid = {102},
        pages = {102},
          doi = {10.3847/1538-4357/ab07c7},
archivePrefix = {arXiv},
       eprint = {1810.12325},
 primaryClass = {astro-ph.GA},
       adsurl = {https://ui.adsabs.harvard.edu/abs/2019ApJ...874..102W},
      adsnote = {Provided by the SAO/NASA Astrophysics Data System}
}

% Weinberg et al. (2021)
@ARTICLE{Weinberg2021,
       author = {{Weinberg}, David H. and {Holtzman}, Jon A. and {Johnson}, Jennifer A. and {Hayes}, Christian and {Hasselquist}, Sten and {Shetrone}, Matthew and {Ting}, Yuan-Sen and {Beaton}, Rachael L. and {Beers}, Timothy C. and {Bird}, Jonathan C. and {Bizyaev}, Dmitry and {Blanton}, Michael R. and {Cunha}, Katia and {Fern{\'a}ndez-Trincado}, Jos{\'e} G. and {Frinchaboy}, Peter M. and {Garc{\'\i}a-Hern{\'a}ndez}, D.~A. and {Griffith}, Emily and {Johnson}, James W. and {J{\"o}nsson}, Henrik and {Lane}, Richard R. and {Leung}, Henry W. and {Mackereth}, J. Ted and {Majewski}, Steven R. and {M{\'e}sz{\'a}ros}, Szabolcs and {Nitschelm}, Christian and {Pan}, Kaike and {Schiavon}, Ricardo P. and {Schneider}, Donald P. and {Schultheis}, Mathias and {Smith}, Verne and {Sobeck}, Jennifer S. and {Stassun}, Keivan G. and {Stringfellow}, Guy S. and {Vincenzo}, Fiorenzo and {Wilson}, John C. and {Zasowski}, Gail},
        title = "{Chemical Cartography with APOGEE: Mapping Disk Populations with a 2-process Model and Residual Abundances}",
      journal = {\apjs},
     keywords = {Milky Way disk, Galaxy chemical evolution, Stellar populations, 1050, 580, 1622, Astrophysics - Astrophysics of Galaxies},
         year = 2022,
        month = jun,
       volume = {260},
       number = {2},
          eid = {32},
        pages = {32},
          doi = {10.3847/1538-4365/ac6028},
archivePrefix = {arXiv},
       eprint = {2108.08860},
 primaryClass = {astro-ph.GA},
       adsurl = {https://ui.adsabs.harvard.edu/abs/2022ApJS..260...32W},
      adsnote = {Provided by the SAO/NASA Astrophysics Data System}
}

% Weisz et al. (2014a)
@ARTICLE{Weisz2014a,
       author = {{Weisz}, Daniel R. and {Skillman}, Evan D. and {Hidalgo}, Sebastian L. and {Monelli}, Matteo and {Dolphin}, Andrew E. and {McConnachie}, Alan and {Bernard}, Edouard J. and {Gallart}, Carme and {Aparicio}, Antonio and {Boylan-Kolchin}, Michael and {Cassisi}, Santi and {Cole}, Andrew A. and {Ferguson}, Henry C. and {Irwin}, Mike and {Martin}, Nicolas F. and {Mayer}, Lucio and {McQuinn}, Kristen B.~W. and {Navarro}, Julio F. and {Stetson}, Peter B.},
        title = "{Comparing M31 and Milky Way Satellites: The Extended Star Formation Histories of Andromeda II and Andromeda XVI}",
      journal = {\apj},
     keywords = {galaxies: dwarf, galaxies: individual: And II And XVI, Galaxy: evolution, Galaxy: formation, Local Group, Astrophysics - Astrophysics of Galaxies, Astrophysics - Cosmology and Nongalactic Astrophysics},
         year = 2014,
        month = jul,
       volume = {789},
       number = {1},
          eid = {24},
        pages = {24},
          doi = {10.1088/0004-637X/789/1/24},
archivePrefix = {arXiv},
       eprint = {1405.4870},
 primaryClass = {astro-ph.GA},
       adsurl = {https://ui.adsabs.harvard.edu/abs/2014ApJ...789...24W},
      adsnote = {Provided by the SAO/NASA Astrophysics Data System}
}

% Weisz et al. (2014b)
@ARTICLE{Weisz2014b,
       author = {{Weisz}, Daniel R. and {Dolphin}, Andrew E. and {Skillman}, Evan D. and {Holtzman}, Jon and {Gilbert}, Karoline M. and {Dalcanton}, Julianne J. and {Williams}, Benjamin F.},
        title = "{The Star Formation Histories of Local Group Dwarf Galaxies. I. Hubble Space Telescope/Wide Field Planetary Camera 2 Observations}",
      journal = {\apj},
     keywords = {galaxies: dwarf, galaxies: evolution, galaxies: formation, galaxies: stellar content, Local Group, Astrophysics - Astrophysics of Galaxies, Astrophysics - Cosmology and Nongalactic Astrophysics},
         year = 2014,
        month = jul,
       volume = {789},
       number = {2},
          eid = {147},
        pages = {147},
          doi = {10.1088/0004-637X/789/2/147},
archivePrefix = {arXiv},
       eprint = {1404.7144},
 primaryClass = {astro-ph.GA},
       adsurl = {https://ui.adsabs.harvard.edu/abs/2014ApJ...789..147W},
      adsnote = {Provided by the SAO/NASA Astrophysics Data System}
}

% Weisz et al. (2015)
@ARTICLE{Weisz2015,
       author = {{Weisz}, Daniel R. and {Dolphin}, Andrew E. and {Skillman}, Evan D. and {Holtzman}, Jon and {Gilbert}, Karoline M. and {Dalcanton}, Julianne J. and {Williams}, Benjamin F.},
        title = "{The Star Formation Histories of Local Group Dwarf Galaxies. III. Characterizing Quenching in Low-mass Galaxies}",
      journal = {\apj},
     keywords = {galaxies: dwarf, galaxies: evolution, galaxies: stellar content, Hertzsprung{\textendash}Russell and C{\textendash}M diagrams, Local Group, Astrophysics - Astrophysics of Galaxies},
         year = 2015,
        month = may,
       volume = {804},
       number = {2},
          eid = {136},
        pages = {136},
          doi = {10.1088/0004-637X/804/2/136},
archivePrefix = {arXiv},
       eprint = {1503.05195},
 primaryClass = {astro-ph.GA},
       adsurl = {https://ui.adsabs.harvard.edu/abs/2015ApJ...804..136W},
      adsnote = {Provided by the SAO/NASA Astrophysics Data System}
}

% Wheeler et al. (2014)
@ARTICLE{Wheeler2014,
       author = {{Wheeler}, Coral and {Phillips}, John I. and {Cooper}, Michael C. and {Boylan-Kolchin}, Michael and {Bullock}, James S.},
        title = "{The surprising inefficiency of dwarf satellite quenching}",
      journal = {\mnras},
     keywords = {galaxies: dwarf, galaxies: evolution, galaxies: formation, galaxies: star for-mation, Astrophysics - Astrophysics of Galaxies, Astrophysics - Cosmology and Nongalactic Astrophysics},
         year = 2014,
        month = aug,
       volume = {442},
       number = {2},
        pages = {1396-1404},
          doi = {10.1093/mnras/stu965},
archivePrefix = {arXiv},
       eprint = {1402.1498},
 primaryClass = {astro-ph.GA},
       adsurl = {https://ui.adsabs.harvard.edu/abs/2014MNRAS.442.1396W},
      adsnote = {Provided by the SAO/NASA Astrophysics Data System}
}

% Woosley & Weaver (1995)
@ARTICLE{Woosley1995,
       author = {{Woosley}, S.~E. and {Weaver}, Thomas A.},
        title = "{The Evolution and Explosion of Massive Stars. II. Explosive Hydrodynamics and Nucleosynthesis}",
      journal = {\apjs},
     keywords = {HYDRODYNAMICS, NUCLEAR REACTIONS, NUCLEOSYNTHESIS, ABUNDANCES, STARS: EVOLUTION, STARS: INTERIORS, STARS: SUPERNOVAE: GENERAL},
         year = 1995,
        month = nov,
       volume = {101},
        pages = {181},
          doi = {10.1086/192237},
       adsurl = {https://ui.adsabs.harvard.edu/abs/1995ApJS..101..181W},
      adsnote = {Provided by the SAO/NASA Astrophysics Data System}
}

% Zahid et al. (2011)
@ARTICLE{Zahid2011,
       author = {{Zahid}, H.~J. and {Kewley}, L.~J. and {Bresolin}, F.},
        title = "{The Mass-Metallicity and Luminosity-Metallicity Relations from DEEP2 at z \raisebox{-0.5ex}\textasciitilde 0.8}",
      journal = {\apj},
     keywords = {galaxies: abundances, galaxies: evolution, galaxies: high-redshift, Astrophysics - Cosmology and Nongalactic Astrophysics},
         year = 2011,
        month = apr,
       volume = {730},
       number = {2},
          eid = {137},
        pages = {137},
          doi = {10.1088/0004-637X/730/2/137},
archivePrefix = {arXiv},
       eprint = {1006.4877},
 primaryClass = {astro-ph.CO},
       adsurl = {https://ui.adsabs.harvard.edu/abs/2011ApJ...730..137Z},
      adsnote = {Provided by the SAO/NASA Astrophysics Data System}
}

% Zahid et al. (2014)
@ARTICLE{Zahid2014,
       author = {{Zahid}, H. Jabran and {Dima}, Gabriel I. and {Kudritzki}, Rolf-Peter and {Kewley}, Lisa J. and {Geller}, Margaret J. and {Hwang}, Ho Seong and {Silverman}, John D. and {Kashino}, Daichi},
        title = "{The Universal Relation of Galactic Chemical Evolution: The Origin of the Mass-Metallicity Relation}",
      journal = {\apj},
     keywords = {galaxies: evolution, galaxies: high-redshift, Astrophysics - Astrophysics of Galaxies},
         year = 2014,
        month = aug,
       volume = {791},
       number = {2},
          eid = {130},
        pages = {130},
          doi = {10.1088/0004-637X/791/2/130},
archivePrefix = {arXiv},
       eprint = {1404.7526},
 primaryClass = {astro-ph.GA},
       adsurl = {https://ui.adsabs.harvard.edu/abs/2014ApJ...791..130Z},
      adsnote = {Provided by the SAO/NASA Astrophysics Data System}
}

